{"event":"subscribe","arg":{"channel":"books","instId":"ETH-USDT-SWAP"},"connId":"58d9bdc0"}
{"event":"subscribe","arg":{"channel":"tickers","instId":"ETH-USDT-SWAP"},"connId":"58d9bdc0"}
{"event":"subscribe","arg":{"channel":"books5","instId":"ETH-USDT-SWAP"},"connId":"58d9bdc0"}
{"event":"subscribe","arg":{"channel":"bbo-tbt","instId":"ETH-USDT-SWAP"},"connId":"58d9bdc0"}
{"arg":{"channel":"tickers","instId":"ETH-USDT-SWAP"},"data":[{"instType":"SWAP","instId":"ETH-USDT-SWAP","last":"3129.54","lastSz":"0.24","askPx":"3129.54","askSz":"6.48","bidPx":"3128.21","bidSz":"0.05","open24h":"3248.4","high24h":"3315.64","low24h":"3072.11","sodUtc0":"3108.41","sodUtc8":"3174.4","volCcy24h":"19454082.096","vol24h":"194540820.96","ts":"1765631971393"}]}
{"arg":{"channel":"bbo-tbt","instId":"ETH-USDT-SWAP"},"data":[{"asks":[["3129.54","6.02","0","1"]],"bids":[["3128.21","0.05","0","3"]],"ts":"1765631971507","seqId":1158508152}]}
{"arg":{"channel":"books","instId":"ETH-USDT-SWAP"},"action":"snapshot","data":[{"asks":[["3129.54","6.02","0","1"],["3129.55","0.67","0","1"],["3129.57","25.5","0","1"],["3129.59","0.03","0","1"],["3129.6","38.13","0","5"],["3129.64","0.05","0","1"],["3129.65","0.22","0","3"],["3129.69","9.54","0","1"],["3129.71","0.36","0","1"],["3129.75","68.62","0","2"],["3129.81","0.04","0","1"],["3129.87","0.03","0","2"],["3129.91","1.07","0","2"],["3129.92","0.06","0","2"],["3129.93","0.01","0","1"],["3129.94","0.03","0","2"],["3130","133.25","0","33"],["3130.02","2.38","0","2"],["3130.04","0.02","0","1"],["3130.07","0.03","0","1"],["3130.09","90.05","0","1"],["3130.13","0.99","0","3"],["3130.2","0.06","0","2"],["3130.21","36.67","0","2"],["3130.22","0.03","0","1"],["3130.25","2.56","0","2"],["3130.26","0.47","0","1"],["3130.27","0.06","0","3"],["3130.36","17.59","0","1"],["3130.38","0.04","0","1"],["3130.39","35.96","0","2"],["3130.4","12.16","0","7"],["3130.44","0.01","0","1"],["3130.46","0.04","0","1"],["3130.47","0.01","0","1"],["3130.54","0.27","0","1"],["3130.56","37.73","0","1"],["3130.57","32.64","0","2"],["3130.58","0.01","0","1"],["3130.6","0.54","0","2"],["3130.61","0.09","0","1"],["3130.62","0.92","0","1"],["3130.63","0.04","0","2"],["3130.65","1.01","0","2"],["3130.67","3.45","0","1"],["3130.68","0.06","0","1"],["3130.69","0.01","0","1"],["3130.72","0.01","0","1"],["3130.74","0.02","0","1"],["3130.75","0.01","0","1"],["3130.76","0.61","0","1"],["3130.77","0.05","0","3"],["3130.79","3.51","0","2"],["3130.8","0.26","0","2"],["3130.81","0.01","0","1"],["3130.82","0.01","0","1"],["3130.86","13.9","0","1"],["3130.88","0.18","0","2"],["3130.89","0.03","0","1"],["3130.91","0.73","0","3"],["3130.92","3.78","0","2"],["3130.93","50.04","0","1"],["3130.94","0.06","0","4"],["3130.96","0.01","0","1"],["3130.97","0.92","0","1"],["3130.99","0.07","0","2"],["3131","212.87","0","17"],["3131.01","25.5","0","1"],["3131.02","0.25","0","1"],["3131.05","0.02","0","2"],["3131.06","1.2","0","2"],["3131.07","2.32","0","2"],["3131.08","0.02","0","1"],["3131.09","160.03","0","4"],["3131.1","0.01","0","1"],["3131.11","0.02","0","1"],["3131.12","0.01","0","1"],["3131.13","0.72","0","3"],["3131.16","47.77","0","2"],["3131.18","0.04","0","1"],["3131.19","16","0","2"],["3131.2","2.76","0","9"],["3131.22","7.38","0","2"],["3131.23","0.26","0","3"],["3131.24","15.16","0","5"],["3131.25","0.09","0","1"],["3131.26","0.4","0","3"],["3131.27","0.48","0","2"],["3131.28","0.36","0","2"],["3131.29","0.05","0","1"],["3131.3","35.77","0","4"],["3131.31","4.77","0","3"],["3131.32","0.02","0","1"],["3131.33","94.5","0","8"],["3131.34","15.41","0","4"],["3131.35","1.46","0","2"],["3131.36","0.28","0","1"],["3131.37","3.49","0","1"],["3131.38","10.3","0","3"],["3131.39","0.02","0","1"],["3131.4","68.6","0","1"],["3131.42","0.23","0","3"],["3131.43","10.35","0","1"],["3131.44","5.93","0","1"],["3131.45","0.22","0","3"],["3131.46","0.1","0","1"],["3131.47","1.13","0","2"],["3131.48","0.01","0","1"],["3131.5","39.35","0","4"],["3131.51","231.83","0","2"],["3131.53","99.81","0","4"],["3131.56","7.72","0","4"],["3131.58","0.48","0","2"],["3131.59","0.2","0","1"],["3131.6","0.22","0","3"],["3131.61","49.91","0","2"],["3131.63","0.06","0","2"],["3131.64","0.04","0","1"],["3131.65","36.88","0","3"],["3131.66","0.01","0","1"],["3131.67","0.28","0","2"],["3131.68","29.8","0","1"],["3131.71","0.55","0","2"],["3131.72","0.02","0","1"],["3131.73","0.2","0","4"],["3131.75","0.11","0","1"],["3131.77","0.05","0","1"],["3131.78","5.9","0","2"],["3131.8","11.14","0","4"],["3131.81","1.96","0","4"],["3131.83","45.29","0","5"],["3131.84","2.32","0","5"],["3131.86","0.74","0","4"],["3131.87","0.28","0","2"],["3131.88","0.03","0","1"],["3131.89","0.23","0","2"],["3131.9","0.07","0","3"],["3131.92","0.11","0","1"],["3131.93","1.75","0","2"],["3131.94","37.73","0","1"],["3131.95","0.31","0","4"],["3131.96","166.6","0","4"],["3131.97","113.9","0","3"],["3131.98","0.06","0","1"],["3132","3200.16","0","117"],["3132.01","0.01","0","1"],["3132.02","0.09","0","1"],["3132.03","0.01","0","1"],["3132.04","171.38","0","2"],["3132.05","0.05","0","3"],["3132.07","23.55","0","3"],["3132.1","1.53","0","1"],["3132.11","0.11","0","1"],["3132.13","0.06","0","5"],["3132.14","0.01","0","1"],["3132.15","0.51","0","6"],["3132.16","23.1","0","3"],["3132.17","14.05","0","6"],["3132.18","0.34","0","3"],["3132.2","0.3","0","2"],["3132.21","0.02","0","2"],["3132.22","3.46","0","2"],["3132.23","0.04","0","2"],["3132.24","4.12","0","3"],["3132.25","0.99","0","3"],["3132.26","0.02","0","1"],["3132.27","1.59","0","2"],["3132.28","0.01","0","1"],["3132.29","0.05","0","5"],["3132.31","56.75","0","1"],["3132.32","11.09","0","2"],["3132.33","0.66","0","3"],["3132.34","0.08","0","2"],["3132.36","0.03","0","3"],["3132.37","0.1","0","1"],["3132.38","0.08","0","1"],["3132.39","0.02","0","1"],["3132.4","1.39","0","4"],["3132.41","1.07","0","1"],["3132.42","0.01","0","1"],["3132.43","102.67","0","1"],["3132.44","63.74","0","6"],["3132.45","25.5","0","1"],["3132.46","0.1","0","1"],["3132.47","0.04","0","3"],["3132.48","2.62","0","3"],["3132.5","55.16","0","22"],["3132.51","0.02","0","1"],["3132.52","0.03","0","2"],["3132.53","50.05","0","2"],["3132.54","0.12","0","1"],["3132.55","0.07","0","1"],["3132.56","4.87","0","1"],["3132.57","1.04","0","4"],["3132.58","0.02","0","2"],["3132.59","4.16","0","5"],["3132.6","0.08","0","3"],["3132.61","250.14","0","5"],["3132.62","2.04","0","1"],["3132.63","0.07","0","1"],["3132.66","12.05","0","2"],["3132.67","0.1","0","1"],["3132.68","208.64","0","3"],["3132.69","29.34","0","3"],["3132.71","4.79","0","3"],["3132.72","123.63","0","2"],["3132.73","0.06","0","2"],["3132.75","0.04","0","1"],["3132.77","0.01","0","1"],["3132.78","0.37","0","2"],["3132.79","0.02","0","1"],["3132.8","2009.29","0","11"],["3132.81","0.97","0","4"],["3132.82","1.36","0","2"],["3132.83","10.54","0","3"],["3132.84","0.01","0","1"],["3132.85","36","0","4"],["3132.86","0.02","0","2"],["3132.87","0.09","0","1"],["3132.89","0.47","0","1"],["3132.9","0.01","0","1"],["3132.91","17.77","0","5"],["3132.92","0.54","0","5"],["3132.93","0.12","0","2"],["3132.94","0.6","0","5"],["3132.96","2.24","0","2"],["3132.97","70.72","0","2"],["3132.98","0.05","0","1"],["3132.99","0.04","0","2"],["3133","115.63","0","15"],["3133.01","0.2","0","1"],["3133.03","16","0","2"],["3133.04","0.78","0","8"],["3133.05","68.74","0","2"],["3133.07","0.05","0","1"],["3133.09","36.66","0","1"],["3133.1","30.22","0","4"],["3133.11","0.02","0","2"],["3133.12","0.23","0","2"],["3133.13","0.88","0","3"],["3133.14","0.01","0","1"],["3133.16","117.47","0","1"],["3133.17","0.01","0","1"],["3133.18","0.1","0","1"],["3133.19","0.25","0","1"],["3133.2","30.89","0","4"],["3133.21","0.03","0","1"],["3133.24","2.3","0","1"],["3133.25","0.22","0","3"],["3133.26","47.43","0","2"],["3133.27","0.01","0","1"],["3133.28","0.02","0","1"],["3133.29","0.16","0","1"],["3133.31","0.74","0","3"],["3133.32","0.01","0","1"],["3133.33","335.11","0","24"],["3133.35","7.37","0","1"],["3133.36","10.72","0","3"],["3133.37","9.65","0","2"],["3133.38","0.04","0","2"],["3133.4","36.27","0","4"],["3133.41","2.31","0","2"],["3133.43","0.32","0","3"],["3133.45","5.93","0","1"],["3133.46","1.12","0","1"],["3133.49","15.33","0","4"],["3133.5","1398.63","0","6"],["3133.51","0.93","0","2"],["3133.52","0.49","0","1"],["3133.53","735.72","0","7"],["3133.54","1.71","0","2"],["3133.55","0.03","0","1"],["3133.56","0.06","0","3"],["3133.58","0.97","0","4"],["3133.6","61.59","0","11"],["3133.61","90.18","0","1"],["3133.63","10.92","0","3"],["3133.64","0.67","0","1"],["3133.66","49.96","0","2"],["3133.67","0.02","0","1"],["3133.68","0.05","0","1"],["3133.7","0.1","0","4"],["3133.71","3.97","0","4"],["3133.73","0.01","0","1"],["3133.74","0.04","0","1"],["3133.76","4.72","0","5"],["3133.78","0.24","0","2"],["3133.79","0.03","0","2"],["3133.8","0.17","0","4"],["3133.81","8.53","0","1"],["3133.82","25.1","0","2"],["3133.83","0.45","0","4"],["3133.84","355.94","0","3"],["3133.85","0.1","0","1"],["3133.87","0.56","0","2"],["3133.89","25.5","0","1"],["3133.9","0.13","0","1"],["3133.92","0.92","0","1"],["3133.93","13.95","0","1"],["3133.94","0.08","0","3"],["3133.95","0.02","0","1"],["3133.96","4.07","0","4"],["3133.97","0.02","0","1"],["3133.98","0.14","0","1"],["3133.99","206.87","0","10"],["3134","383.41","0","77"],["3134.01","0.02","0","1"],["3134.02","2.91","0","3"],["3134.03","0.03","0","1"],["3134.04","0.94","0","3"],["3134.05","0.01","0","1"],["3134.06","0.02","0","2"],["3134.07","0.52","0","1"],["3134.08","0.12","0","3"],["3134.09","0.03","0","1"],["3134.1","1.2","0","2"],["3134.11","20.8","0","3"],["3134.12","0.35","0","3"],["3134.13","78.18","0","3"],["3134.14","50.04","0","1"],["3134.15","0.05","0","1"],["3134.17","0.02","0","1"],["3134.18","0.02","0","1"],["3134.19","0.19","0","2"],["3134.2","0.33","0","2"],["3134.21","0.61","0","5"],["3134.22","0.09","0","1"],["3134.23","11.12","0","3"],["3134.24","0.03","0","3"],["3134.25","0.2","0","3"],["3134.26","1.27","0","7"],["3134.27","42.54","0","1"],["3134.28","0.26","0","2"],["3134.29","3.47","0","5"],["3134.3","14.24","0","3"],["3134.31","0.32","0","2"],["3134.32","889.92","0","3"],["3134.33","0.52","0","3"],["3134.35","0.23","0","4"],["3134.36","31.43","0","2"],["3134.37","0.07","0","2"],["3134.38","1.48","0","4"],["3134.39","0.05","0","1"],["3134.4","90.37","0","11"],["3134.41","90.06","0","2"],["3134.42","0.12","0","2"],["3134.43","0.04","0","1"],["3134.44","81.04","0","2"],["3134.45","0.12","0","3"],["3134.46","0.03","0","2"],["3134.48","16.4","0","3"],["3134.49","0.11","0","1"],["3134.5","116.9","0","14"],["3134.51","0.06","0","2"],["3134.52","9.98","0","1"],["3134.53","36.85","0","5"],["3134.54","22.92","0","3"],["3134.55","0.37","0","5"],["3134.56","0.22","0","2"],["3134.57","4.02","0","3"],["3134.58","0.01","0","1"],["3134.59","0.98","0","1"],["3134.6","12.1","0","7"],["3134.61","0.15","0","3"],["3134.62","2.62","0","8"],["3134.63","0.02","0","1"],["3134.66","0.01","0","1"],["3134.67","49.19","0","2"],["3134.68","0.37","0","1"],["3134.69","4.58","0","9"],["3134.7","104.37","0","3"],["3134.71","1.91","0","1"],["3134.72","42.28","0","6"],["3134.73","3.62","0","2"],["3134.74","0.01","0","1"],["3134.75","2.6","0","5"],["3134.76","7.49","0","2"],["3134.77","0.01","0","1"],["3134.79","14.92","0","5"],["3134.8","154.49","0","4"],["3134.81","245.76","0","5"],["3134.82","0.07","0","1"],["3134.85","1.74","0","3"],["3134.86","35.01","0","1"],["3134.87","123.63","0","4"],["3134.88","0.17","0","2"],["3134.91","0.01","0","1"],["3134.92","1.53","0","1"],["3134.93","0.17","0","1"],["3134.94","1.21","0","1"],["3134.95","0.75","0","5"],["3134.96","0.08","0","2"],["3134.97","0.17","0","3"],["3134.98","1.77","0","3"],["3134.99","3.49","0","7"],["3135","2081.53","0","119"],["3135.01","0.32","0","2"],["3135.02","24.05","0","2"],["3135.03","3087.03","0","7"],["3135.04","10.84","0","8"]],"bids":[["3128.21","0.05","0","3"],["3128.11","0.01","0","1"],["3128.04","7.69","0","3"],["3128","3.23","0","4"],["3127.99","0.29","0","1"],["3127.95","0.02","0","1"],["3127.89","0.09","0","1"],["3127.82","0.04","0","1"],["3127.8","15.31","0","2"],["3127.79","0.09","0","3"],["3127.78","39.7","0","7"],["3127.77","40.2","0","2"],["3127.76","0.04","0","3"],["3127.75","0.04","0","3"],["3127.74","0.18","0","1"],["3127.73","16.49","0","1"],["3127.72","0.15","0","3"],["3127.71","11","0","1"],["3127.7","0.61","0","7"],["3127.69","0.16","0","2"],["3127.68","0.13","0","2"],["3127.67","4.75","0","5"],["3127.66","0.92","0","2"],["3127.65","0.22","0","3"],["3127.64","0.01","0","1"],["3127.63","3101.75","0","9"],["3127.62","59.07","0","1"],["3127.61","1.12","0","1"],["3127.6","17.22","0","5"],["3127.59","4.8","0","2"],["3127.58","3.45","0","1"],["3127.56","8.83","0","1"],["3127.55","0.01","0","1"],["3127.53","0.29","0","2"],["3127.52","876.37","0","3"],["3127.51","65.89","0","2"],["3127.5","95.08","0","32"],["3127.48","2.76","0","4"],["3127.46","0.4","0","2"],["3127.45","0.15","0","2"],["3127.44","0.01","0","1"],["3127.43","9.98","0","4"],["3127.42","0.01","0","1"],["3127.41","0.04","0","1"],["3127.4","24.67","0","16"],["3127.39","1.09","0","2"],["3127.38","0.66","0","3"],["3127.37","1.65","0","9"],["3127.34","0.1","0","1"],["3127.33","207.17","0","6"],["3127.32","37.61","0","3"],["3127.31","0.47","0","1"],["3127.29","1.92","0","2"],["3127.28","0.86","0","1"],["3127.27","4.49","0","6"],["3127.25","0.39","0","5"],["3127.24","1.09","0","1"],["3127.23","1.37","0","4"],["3127.22","10.45","0","2"],["3127.21","94.02","0","4"],["3127.2","28.31","0","10"],["3127.19","0.07","0","2"],["3127.18","0.06","0","5"],["3127.17","0.85","0","2"],["3127.15","3456","0","1"],["3127.14","0.69","0","5"],["3127.13","1.32","0","1"],["3127.12","0.4","0","2"],["3127.11","19.01","0","4"],["3127.1","4.83","0","4"],["3127.09","10.57","0","3"],["3127.08","0.05","0","1"],["3127.06","8.21","0","1"],["3127.05","0.1","0","2"],["3127.04","0.01","0","1"],["3127.03","9.24","0","8"],["3127.02","0.02","0","2"],["3127.01","0.63","0","2"],["3127","295.41","0","25"],["3126.98","0.17","0","2"],["3126.97","0.51","0","2"],["3126.96","54.79","0","2"],["3126.95","117.5","0","2"],["3126.94","0.78","0","8"],["3126.93","0.02","0","2"],["3126.92","0.07","0","4"],["3126.91","13.93","0","3"],["3126.9","0.1","0","4"],["3126.89","0.17","0","2"],["3126.88","99.28","0","4"],["3126.87","220.45","0","9"],["3126.86","0.07","0","3"],["3126.85","0.17","0","3"],["3126.84","14.57","0","1"],["3126.83","2.22","0","4"],["3126.82","0.86","0","4"],["3126.81","193.68","0","4"],["3126.8","0.84","0","5"],["3126.79","0.01","0","1"],["3126.78","31.36","0","3"],["3126.77","0.07","0","5"],["3126.76","90.5","0","2"],["3126.74","0.01","0","1"],["3126.73","2.37","0","4"],["3126.72","0.01","0","1"],["3126.71","0.01","0","1"],["3126.7","26","0","6"],["3126.69","0.26","0","2"],["3126.68","0.04","0","2"],["3126.67","449.96","0","39"],["3126.65","0.61","0","7"],["3126.64","5.75","0","3"],["3126.63","0.1","0","1"],["3126.61","0.1","0","1"],["3126.6","37.5","0","7"],["3126.59","13.25","0","6"],["3126.58","1920.88","0","5"],["3126.56","2.83","0","5"],["3126.54","0.08","0","3"],["3126.53","0.09","0","1"],["3126.52","2.54","0","2"],["3126.51","0.21","0","3"],["3126.5","1514.85","0","12"],["3126.48","0.35","0","3"],["3126.47","734.99","0","2"],["3126.45","318.73","0","5"],["3126.44","0.05","0","2"],["3126.43","0.02","0","1"],["3126.42","17.23","0","3"],["3126.41","0.05","0","2"],["3126.4","151.14","0","17"],["3126.39","37.75","0","3"],["3126.38","0.12","0","3"],["3126.37","0.06","0","2"],["3126.36","0.3","0","3"],["3126.35","0.82","0","3"],["3126.33","0.61","0","1"],["3126.32","0.47","0","1"],["3126.31","1.02","0","2"],["3126.3","0.05","0","2"],["3126.29","0.02","0","2"],["3126.28","0.64","0","1"],["3126.27","1.1","0","4"],["3126.26","0.61","0","3"],["3126.25","1.13","0","2"],["3126.24","123.87","0","5"],["3126.23","5.14","0","2"],["3126.22","0.21","0","2"],["3126.21","0.65","0","5"],["3126.2","42447.75","0","17"],["3126.19","355.02","0","2"],["3126.18","0.01","0","1"],["3126.17","70.91","0","5"],["3126.16","0.01","0","1"],["3126.15","1.39","0","6"],["3126.14","107.65","0","3"],["3126.13","54.02","0","6"],["3126.12","64.15","0","5"],["3126.11","14.98","0","1"],["3126.1","12.26","0","4"],["3126.09","0.04","0","3"],["3126.08","0.05","0","2"],["3126.07","0.35","0","4"],["3126.06","0.09","0","3"],["3126.05","0.51","0","9"],["3126.04","36.66","0","5"],["3126.03","0.33","0","5"],["3126.02","0.01","0","1"],["3126.01","9.56","0","3"],["3126","581.84","0","66"],["3125.97","0.03","0","1"],["3125.96","2.21","0","2"],["3125.95","0.16","0","3"],["3125.94","0.07","0","1"],["3125.93","0.06","0","2"],["3125.92","0.06","0","4"],["3125.9","40","0","3"],["3125.89","0.09","0","3"],["3125.88","37.97","0","5"],["3125.87","0.07","0","3"],["3125.86","0.11","0","8"],["3125.84","0.01","0","1"],["3125.82","35.54","0","5"],["3125.81","0.16","0","3"],["3125.8","3.86","0","3"],["3125.79","1.77","0","5"],["3125.78","1.6","0","6"],["3125.77","109.15","0","2"],["3125.76","0.02","0","1"],["3125.75","174.61","0","10"],["3125.74","0.21","0","5"],["3125.73","0.06","0","1"],["3125.72","118.07","0","9"],["3125.71","0.23","0","5"],["3125.7","6.29","0","3"],["3125.69","0.01","0","1"],["3125.68","0.01","0","1"],["3125.67","17.61","0","5"],["3125.66","0.06","0","1"],["3125.65","0.08","0","2"],["3125.64","0.05","0","3"],["3125.63","56.79","0","3"],["3125.62","1.96","0","2"],["3125.6","8.23","0","18"],["3125.59","13.95","0","2"],["3125.58","0.11","0","2"],["3125.56","0.38","0","3"],["3125.55","0.08","0","3"],["3125.53","15.5","0","4"],["3125.52","30.11","0","1"],["3125.51","0.77","0","3"],["3125.5","209.95","0","18"],["3125.49","1177.96","0","2"],["3125.47","86.88","0","3"],["3125.46","2.31","0","4"],["3125.45","61.94","0","10"],["3125.44","0.33","0","2"],["3125.43","0.61","0","2"],["3125.42","6.67","0","8"],["3125.4","1.71","0","5"],["3125.39","2.86","0","7"],["3125.38","0.24","0","3"],["3125.37","0.28","0","2"],["3125.35","96.53","0","2"],["3125.34","1.98","0","1"],["3125.33","14.67","0","13"],["3125.32","1.88","0","1"],["3125.31","206.81","0","6"],["3125.3","54.87","0","2"],["3125.27","17.6","0","2"],["3125.26","25.5","0","1"],["3125.25","21267.56","0","8"],["3125.24","0.26","0","5"],["3125.23","0.17","0","2"],["3125.22","0.87","0","5"],["3125.21","0.01","0","1"],["3125.2","10.7","0","6"],["3125.19","0.04","0","3"],["3125.18","1.42","0","3"],["3125.17","0.34","0","2"],["3125.16","2096.78","0","6"],["3125.15","151.55","0","18"],["3125.14","1.73","0","11"],["3125.13","60.91","0","2"],["3125.12","0.02","0","2"],["3125.11","74.4","0","5"],["3125.1","9.98","0","1"],["3125.09","0.25","0","2"],["3125.08","0.01","0","1"],["3125.06","15.61","0","3"],["3125.04","0.24","0","2"],["3125.03","0.45","0","2"],["3125.02","23.63","0","4"],["3125","2160.6","0","166"],["3124.98","1.85","0","3"],["3124.96","211.83","0","5"],["3124.95","0.01","0","1"],["3124.94","0.22","0","1"],["3124.92","0.11","0","2"],["3124.91","231.86","0","4"],["3124.9","18.78","0","3"],["3124.89","0.1","0","2"],["3124.88","198.47","0","4"],["3124.87","0.78","0","5"],["3124.86","47.42","0","1"],["3124.85","31.43","0","6"],["3124.84","4.02","0","3"],["3124.83","16.04","0","7"],["3124.82","1.91","0","1"],["3124.81","5.87","0","2"],["3124.8","160.51","0","13"],["3124.78","0.03","0","2"],["3124.77","0.27","0","5"],["3124.76","0.01","0","1"],["3124.75","0.01","0","1"],["3124.74","0.12","0","2"],["3124.73","0.91","0","1"],["3124.72","42.76","0","3"],["3124.71","0.08","0","1"],["3124.7","225.37","0","7"],["3124.69","2.06","0","6"],["3124.68","0.32","0","2"],["3124.67","42.63","0","4"],["3124.66","8.83","0","1"],["3124.65","0.33","0","4"],["3124.64","3.87","0","2"],["3124.63","1.06","0","2"],["3124.62","102.68","0","2"],["3124.61","0.3","0","4"],["3124.6","0.84","0","6"],["3124.59","0.57","0","2"],["3124.58","0.19","0","6"],["3124.56","2.47","0","4"],["3124.55","1.51","0","3"],["3124.54","0.26","0","1"],["3124.53","51.53","0","3"],["3124.52","0.26","0","2"],["3124.51","2.73","0","2"],["3124.5","244.04","0","6"],["3124.49","6.64","0","4"],["3124.48","0.06","0","2"],["3124.47","90.2","0","2"],["3124.46","0.03","0","2"],["3124.45","0.13","0","4"],["3124.44","39.27","0","5"],["3124.43","0.03","0","2"],["3124.42","10.37","0","2"],["3124.4","0.95","0","3"],["3124.39","0.37","0","3"],["3124.38","9.25","0","1"],["3124.37","0.01","0","1"],["3124.36","0.05","0","3"],["3124.35","1.7","0","6"],["3124.34","0.17","0","5"],["3124.33","0.97","0","6"],["3124.32","120.2","0","6"],["3124.31","0.13","0","2"],["3124.3","4.76","0","2"],["3124.29","0.34","0","2"],["3124.28","13.92","0","2"],["3124.27","0.24","0","4"],["3124.25","30.44","0","6"],["3124.24","0.35","0","2"],["3124.23","81.03","0","2"],["3124.22","1.5","0","9"],["3124.21","1.15","0","2"],["3124.2","6.18","0","2"],["3124.19","0.24","0","1"],["3124.18","0.33","0","1"],["3124.17","22.05","0","7"],["3124.16","0.26","0","4"],["3124.15","1","0","1"],["3124.14","2.92","0","4"],["3124.13","0.39","0","4"],["3124.12","876.28","0","4"],["3124.11","0.64","0","3"],["3124.1","1.92","0","1"],["3124.09","0.82","0","3"],["3124.08","1.22","0","3"],["3124.07","0.44","0","4"],["3124.06","0.65","0","2"],["3124.05","28.52","0","4"],["3124.04","0.72","0","8"],["3124.03","1.39","0","3"],["3124.02","1.21","0","5"],["3124.01","0.2","0","1"],["3124","3661.33","0","161"],["3123.99","2.99","0","1"],["3123.98","0.09","0","2"],["3123.97","0.18","0","1"],["3123.95","0.75","0","3"],["3123.94","4.8","0","5"],["3123.93","3085.25","0","2"],["3123.92","0.11","0","4"],["3123.9","1.88","0","2"],["3123.88","2.68","0","10"],["3123.87","34.79","0","6"],["3123.86","37.54","0","4"],["3123.85","6.16","0","6"],["3123.84","17","0","2"],["3123.83","0.28","0","2"],["3123.82","38.44","0","7"],["3123.81","0.18","0","5"],["3123.8","3.65","0","6"],["3123.79","0.73","0","3"],["3123.78","0.88","0","5"],["3123.77","2.23","0","3"],["3123.76","0.09","0","3"],["3123.75","4.1","0","10"],["3123.74","4.44","0","5"],["3123.73","0.04","0","2"],["3123.71","0.26","0","3"],["3123.7","1.33","0","6"],["3123.69","0.01","0","1"],["3123.68","23.26","0","4"],["3123.67","0.22","0","2"],["3123.66","0.1","0","1"],["3123.65","2.06","0","3"],["3123.64","9.07","0","9"],["3123.63","0.1","0","1"],["3123.61","38.57","0","5"],["3123.6","28.64","0","6"],["3123.59","0.12","0","2"],["3123.58","0.12","0","2"],["3123.56","928.18","0","10"],["3123.55","12.06","0","3"],["3123.54","0.3","0","6"],["3123.53","0.11","0","2"],["3123.52","0.04","0","2"],["3123.51","1.72","0","3"],["3123.5","392.99","0","16"],["3123.49","0.03","0","2"],["3123.48","0.02","0","2"],["3123.47","0.36","0","1"],["3123.46","1920.39","0","2"],["3123.45","1.62","0","8"],["3123.43","7.38","0","5"],["3123.42","61.86","0","3"],["3123.41","6.48","0","4"],["3123.4","11.13","0","4"]],"ts":"1765631971507","checksum":822222920,"seqId":1158508152,"prevSeqId":-1}]}
{"arg":{"channel":"books5","instId":"ETH-USDT-SWAP"},"data":[{"asks":[["3129.54","6.02","0","1"],["3129.55","0.67","0","1"],["3129.57","25.5","0","1"],["3129.59","0.03","0","1"],["3129.6","38.13","0","5"]],"bids":[["3128.21","0.05","0","3"],["3128.11","0.01","0","1"],["3128.04","7.69","0","3"],["3128","3.23","0","4"],["3127.99","0.29","0","1"]],"instId":"ETH-USDT-SWAP","ts":"1765631971507","seqId":1158508152}]}
{"arg":{"channel":"tickers","instId":"ETH-USDT-SWAP"},"data":[{"instType":"SWAP","instId":"ETH-USDT-SWAP","last":"3129.54","lastSz":"0.1","askPx":"3129.54","askSz":"6.02","bidPx":"3128.21","bidSz":"0.05","open24h":"3248.4","high24h":"3315.64","low24h":"3072.11","sodUtc0":"3108.41","sodUtc8":"3174.4","volCcy24h":"19454082.142","vol24h":"194540821.42","ts":"1765631971495"}]}
{"arg":{"channel":"bbo-tbt","instId":"ETH-USDT-SWAP"},"data":[{"asks":[["3129.54","5.92","0","1"]],"bids":[["3128.21","0.05","0","3"]],"ts":"1765631971567","seqId":1158508154}]}
{"arg":{"channel":"bbo-tbt","instId":"ETH-USDT-SWAP"},"data":[{"asks":[["3129.54","5.92","0","1"]],"bids":[["3126.2","7276.89","0","6"]],"ts":"1765631971577","seqId":1158509292}]}
{"arg":{"channel":"bbo-tbt","instId":"ETH-USDT-SWAP"},"data":[{"asks":[["3127.6","11.04","0","3"]],"bids":[["3126.2","7276.59","0","6"]],"ts":"1765631971587","seqId":1158510334}]}
{"arg":{"channel":"bbo-tbt","instId":"ETH-USDT-SWAP"},"data":[{"asks":[["3127.6","11.04","0","3"]],"bids":[["3126.2","7275.93","0","6"]],"ts":"1765631971597","seqId":1158510411}]}
{"arg":{"channel":"books","instId":"ETH-USDT-SWAP"},"action":"update","data":[{"asks":[["3127.6","11.04","0","3"],["3127.63","0.47","0","1"],["3127.7","0.06","0","1"],["3127.75","0.02","0","1"],["3127.78","37.73","0","1"],["3127.82","0.04","0","1"],["3127.89","0.09","0","1"],["3127.9","35.74","0","1"],["3127.95","0.02","0","1"],["3127.99","0.29","0","1"],["3128","5.62","0","8"],["3128.04","30.13","0","3"],["3128.1","68.6","0","1"],["3128.11","0.01","0","1"],["3128.14","25.5","0","1"],["3128.15","0.36","0","1"],["3128.18","0.67","0","1"],["3128.21","0.05","0","3"],["3128.22","13.9","0","1"],["3128.27","0.03","0","1"],["3128.29","0.05","0","1"],["3128.32","0.22","0","2"],["3128.33","0.01","0","1"],["3128.34","0.04","0","1"],["3128.37","0.1","0","1"],["3128.4","0.08","0","4"],["3128.42","0.02","0","1"],["3128.43","0.02","0","1"],["3128.48","1","0","1"],["3128.5","5.74","0","3"],["3128.54","3.14","0","2"],["3128.58","0.18","0","1"],["3128.6","0.01","0","1"],["3128.62","10.35","0","1"],["3128.65","90.05","0","1"],["3128.66","0.07","0","2"],["3128.68","0.01","0","1"],["3128.69","0.01","0","1"],["3128.71","0.01","0","1"],["3128.73","0.03","0","1"],["3128.76","36.66","0","1"],["3128.79","0.03","0","1"],["3128.8","1.18","0","2"],["3128.83","0.01","0","1"],["3128.85","0.25","0","1"],["3128.89","0.04","0","3"],["3128.9","2.3","0","1"],["3128.95","0.47","0","1"],["3128.97","0.92","0","1"],["3128.99","0.06","0","1"],["3129","14.26","0","6"],["3129.02","117.47","0","1"],["3129.04","90.19","0","2"],["3129.06","47.58","0","2"],["3129.07","0.01","0","1"],["3129.09","7.4","0","2"],["3129.11","0.02","0","1"],["3129.13","3.77","0","2"],["3129.14","0.06","0","2"],["3129.16","0.11","0","1"],["3129.17","37.73","0","1"],["3129.19","0.08","0","2"],["3129.2","28.04","0","4"],["3129.22","0.01","0","1"],["3129.23","0.25","0","3"],["3129.25","0.09","0","1"],["3129.27","0.12","0","3"],["3129.29","0.59","0","1"],["3129.3","31.25","0","3"],["3129.33","100.12","0","3"],["3129.34","0.01","0","1"],["3129.35","16","0","2"],["3129.37","0.01","0","1"],["3129.39","5.16","0","2"],["3129.4","0.51","0","2"],["3129.41","0.1","0","1"],["3129.42","0.2","0","1"],["3129.43","6.14","0","4"],["3129.46","0.05","0","2"],["3129.47","0.02","0","1"],["3129.48","123.73","0","3"],["3129.49","0.15","0","6"],["3129.5","1.32","0","6"],["3129.53","250.15","0","5"],["3129.54","5.95","0","3"],["3129.55","1.68","0","2"],["3129.56","49.91","0","2"],["3129.57","25.61","0","2"],["3129.6","123.43","0","9"],["3129.62","12.05","0","2"],["3129.63","2.04","0","1"],["3129.65","0.74","0","4"],["3129.67","0.02","0","1"],["3129.68","0.05","0","1"],["3129.69","1930.02","0","3"],["3129.7","0.4","0","2"],["3129.71","0.45","0","2"],["3129.73","14.02","0","2"],["3129.74","0.1","0","1"],["3129.75","98.78","0","9"],["3129.76","2.11","0","3"],["3129.77","0.01","0","1"],["3129.78","22.86","0","3"],["3129.79","59.07","0","1"],["3129.8","0.03","0","1"],["3129.81","0.07","0","2"],["3129.84","0.83","0","10"],["3129.85","0.11","0","2"],["3129.86","0.01","0","1"],["3129.88","0.15","0","1"],["3129.9","2.19","0","1"],["3129.91","1.65","0","4"],["3129.92","0.09","0","5"],["3129.93","0.19","0","3"],["3129.95","0.3","0","1"],["3129.97","0.05","0","1"],["3130","2552.37","0","68"],["3130.01","0.53","0","2"],["3130.03","0.03","0","2"],["3130.04","0.18","0","2"],["3130.05","0.01","0","1"],["3130.09","90.06","0","2"],["3130.1","0.03","0","1"],["3130.11","0.12","0","1"],["3130.12","0.01","0","1"],["3130.13","1.63","0","5"],["3130.15","0.1","0","1"],["3130.16","0.01","0","1"],["3130.18","0.01","0","1"],["3130.19","0.03","0","1"],["3130.2","0.22","0","5"],["3130.21","36.74","0","3"],["3130.22","0.04","0","2"],["3130.24","0.02","0","1"],["3130.25","2.7","0","3"],["3130.26","0.58","0","3"],["3130.28","0.59","0","4"],["3130.3","0.6","0","1"],["3130.33","0.76","0","1"],["3130.34","0.35","0","1"],["3130.36","27.53","0","2"],["3130.37","0.05","0","1"],["3130.39","37.18","0","3"],["3130.4","12.78","0","10"],["3130.42","8.53","0","1"],["3130.44","0.11","0","2"],["3130.45","0.98","0","2"],["3130.46","8.87","0","2"],["3130.47","0.03","0","2"],["3130.5","0.13","0","4"],["3130.53","1.12","0","1"],["3130.56","38.4","0","3"],["3130.58","1.06","0","2"],["3130.59","0.91","0","1"],["3130.63","0.27","0","3"],["3130.67","4.18","0","3"],["3130.68","3.74","0","2"],["3130.7","18.76","0","1"],["3130.74","1.34","0","2"],["3130.77","0.52","0","4"],["3130.79","3.62","0","4"],["3130.81","0.03","0","2"],["3130.84","0.47","0","2"],["3130.86","15.76","0","3"],["3130.88","0.19","0","3"],["3130.91","0.77","0","5"],["3130.92","879.7","0","3"],["3131","263.52","0","26"],["3131.04","0.01","0","1"],["3131.07","2.33","0","3"],["3131.09","160.05","0","6"],["3131.11","0.04","0","2"],["3131.14","0.01","0","1"],["3131.16","47.78","0","3"],["3131.17","1.79","0","1"],["3131.19","20.18","0","3"],["3131.23","0.33","0","4"],["3131.25","11.25","0","3"],["3131.33","3179.15","0","9"],["3131.42","0.24","0","4"],["3131.43","10.37","0","3"],["3131.45","0.48","0","4"],["3131.5","119.79","0","9"],["3131.52","0.18","0","1"],["3131.53","198.48","0","5"],["3131.59","0.25","0","2"],["3131.6","6.1","0","4"],["3131.63","0.07","0","3"],["3131.74","3456.6","0","5"],["3131.76","0.01","0","1"],["3131.82","3.01","0","1"],["3131.83","45.89","0","6"],["3131.87","0.29","0","3"],["3131.89","0.25","0","4"],["3131.91","164.44","0","2"],["3132","3201.44","0","121"],["3132.01","0.04","0","4"],["3132.08","0.04","0","1"],["3132.15","0.52","0","7"],["3132.17","17.82","0","9"],["3132.29","0.06","0","6"],["3132.31","56.88","0","3"],["3132.36","0.04","0","4"],["3132.37","3.63","0","3"],["3132.38","0.09","0","2"],["3132.4","21199.32","0","5"],["3132.41","24.84","0","2"],["3132.45","310.92","0","2"],["3132.48","2.83","0","4"],["3132.5","113.41","0","24"],["3132.54","0.39","0","2"],["3132.55","0.42","0","2"],["3132.56","5.14","0","2"],["3132.57","1.06","0","5"],["3132.59","4.17","0","6"],["3132.65","0.03","0","1"],["3132.67","0.11","0","2"],["3132.69","29.35","0","4"],["3132.74","0.47","0","1"],["3132.76","0.14","0","1"],["3132.8","2009.82","0","15"],["3132.83","11","0","4"],["3132.84","0.07","0","3"],["3132.86","199.38","0","5"],["3132.87","0.12","0","4"],["3132.88","0.13","0","1"],["3132.9","2.39","0","3"],["3133","115.64","0","16"],["3133.01","1.06","0","2"],["3133.06","0.04","0","1"],["3133.18","0.11","0","2"],["3133.28","1.07","0","2"],["3133.29","8.37","0","2"],["3133.33","476.7","0","50"],["3133.35","7.57","0","2"],["3133.36","11.22","0","4"],["3133.38","0","0","0"],["3133.4","0","0","0"],["3133.41","0","0","0"],["3133.43","0","0","0"],["3133.45","0","0","0"],["3133.46","0","0","0"],["3133.49","0","0","0"],["3133.5","0","0","0"],["3133.51","0","0","0"],["3133.52","0","0","0"],["3133.53","0","0","0"],["3133.54","0","0","0"],["3133.55","0","0","0"],["3133.56","0","0","0"],["3133.58","0","0","0"],["3133.6","0","0","0"],["3133.61","0","0","0"],["3133.63","0","0","0"],["3133.64","0","0","0"],["3133.66","0","0","0"],["3133.67","0","0","0"],["3133.68","0","0","0"],["3133.7","0","0","0"],["3133.71","0","0","0"],["3133.73","0","0","0"],["3133.74","0","0","0"],["3133.76","0","0","0"],["3133.78","0","0","0"],["3133.79","0","0","0"],["3133.8","0","0","0"],["3133.81","0","0","0"],["3133.82","0","0","0"],["3133.83","0","0","0"],["3133.84","0","0","0"],["3133.85","0","0","0"],["3133.87","0","0","0"],["3133.89","0","0","0"],["3133.9","0","0","0"],["3133.92","0","0","0"],["3133.93","0","0","0"],["3133.94","0","0","0"],["3133.95","0","0","0"],["3133.96","0","0","0"],["3133.97","0","0","0"],["3133.98","0","0","0"],["3133.99","0","0","0"],["3134","0","0","0"],["3134.01","0","0","0"],["3134.02","0","0","0"],["3134.03","0","0","0"],["3134.04","0","0","0"],["3134.05","0","0","0"],["3134.06","0","0","0"],["3134.07","0","0","0"],["3134.08","0","0","0"],["3134.09","0","0","0"],["3134.1","0","0","0"],["3134.11","0","0","0"],["3134.12","0","0","0"],["3134.13","0","0","0"],["3134.14","0","0","0"],["3134.15","0","0","0"],["3134.17","0","0","0"],["3134.18","0","0","0"],["3134.19","0","0","0"],["3134.2","0","0","0"],["3134.21","0","0","0"],["3134.22","0","0","0"],["3134.23","0","0","0"],["3134.24","0","0","0"],["3134.25","0","0","0"],["3134.26","0","0","0"],["3134.27","0","0","0"],["3134.28","0","0","0"],["3134.29","0","0","0"],["3134.3","0","0","0"],["3134.31","0","0","0"],["3134.32","0","0","0"],["3134.33","0","0","0"],["3134.35","0","0","0"],["3134.36","0","0","0"],["3134.37","0","0","0"],["3134.38","0","0","0"],["3134.39","0","0","0"],["3134.4","0","0","0"],["3134.41","0","0","0"],["3134.42","0","0","0"],["3134.43","0","0","0"],["3134.44","0","0","0"],["3134.45","0","0","0"],["3134.46","0","0","0"],["3134.48","0","0","0"],["3134.49","0","0","0"],["3134.5","0","0","0"],["3134.51","0","0","0"],["3134.52","0","0","0"],["3134.53","0","0","0"],["3134.54","0","0","0"],["3134.55","0","0","0"],["3134.56","0","0","0"],["3134.57","0","0","0"],["3134.58","0","0","0"],["3134.59","0","0","0"],["3134.6","0","0","0"],["3134.61","0","0","0"],["3134.62","0","0","0"],["3134.63","0","0","0"],["3134.66","0","0","0"],["3134.67","0","0","0"],["3134.68","0","0","0"],["3134.69","0","0","0"],["3134.7","0","0","0"],["3134.71","0","0","0"],["3134.72","0","0","0"],["3134.73","0","0","0"],["3134.74","0","0","0"],["3134.75","0","0","0"],["3134.76","0","0","0"],["3134.77","0","0","0"],["3134.79","0","0","0"],["3134.8","0","0","0"],["3134.81","0","0","0"],["3134.82","0","0","0"],["3134.85","0","0","0"],["3134.86","0","0","0"],["3134.87","0","0","0"],["3134.88","0","0","0"],["3134.91","0","0","0"],["3134.92","0","0","0"],["3134.93","0","0","0"],["3134.94","0","0","0"],["3134.95","0","0","0"],["3134.96","0","0","0"],["3134.97","0","0","0"],["3134.98","0","0","0"],["3134.99","0","0","0"],["3135","0","0","0"],["3135.01","0","0","0"],["3135.02","0","0","0"],["3135.03","0","0","0"],["3135.04","0","0","0"]],"bids":[["3128.21","0","0","0"],["3128.11","0","0","0"],["3128.04","0","0","0"],["3128","0","0","0"],["3127.99","0","0","0"],["3127.95","0","0","0"],["3127.89","0","0","0"],["3127.82","0","0","0"],["3127.8","0","0","0"],["3127.79","0","0","0"],["3127.78","0","0","0"],["3127.77","0","0","0"],["3127.76","0","0","0"],["3127.75","0","0","0"],["3127.74","0","0","0"],["3127.73","0","0","0"],["3127.72","0","0","0"],["3127.71","0","0","0"],["3127.7","0","0","0"],["3127.69","0","0","0"],["3127.68","0","0","0"],["3127.67","0","0","0"],["3127.66","0","0","0"],["3127.65","0","0","0"],["3127.64","0","0","0"],["3127.63","0","0","0"],["3127.62","0","0","0"],["3127.61","0","0","0"],["3127.6","0","0","0"],["3127.59","0","0","0"],["3127.58","0","0","0"],["3127.56","0","0","0"],["3127.55","0","0","0"],["3127.53","0","0","0"],["3127.52","0","0","0"],["3127.51","0","0","0"],["3127.5","0","0","0"],["3127.48","0","0","0"],["3127.46","0","0","0"],["3127.45","0","0","0"],["3127.44","0","0","0"],["3127.43","0","0","0"],["3127.42","0","0","0"],["3127.41","0","0","0"],["3127.4","0","0","0"],["3127.39","0","0","0"],["3127.38","0","0","0"],["3127.37","0","0","0"],["3127.34","0","0","0"],["3127.33","0","0","0"],["3127.32","0","0","0"],["3127.31","0","0","0"],["3127.29","0","0","0"],["3127.28","0","0","0"],["3127.27","0","0","0"],["3127.25","0","0","0"],["3127.24","0","0","0"],["3127.23","0","0","0"],["3127.22","0","0","0"],["3127.21","0","0","0"],["3127.2","0","0","0"],["3127.19","0","0","0"],["3127.18","0","0","0"],["3127.17","0","0","0"],["3127.15","0","0","0"],["3127.14","0","0","0"],["3127.13","0","0","0"],["3127.12","0","0","0"],["3127.11","0","0","0"],["3127.1","0","0","0"],["3127.09","0","0","0"],["3127.08","0","0","0"],["3127.06","0","0","0"],["3127.05","0","0","0"],["3127.04","0","0","0"],["3127.03","0","0","0"],["3127.02","0","0","0"],["3127.01","0","0","0"],["3127","0","0","0"],["3126.98","0","0","0"],["3126.97","0","0","0"],["3126.96","0","0","0"],["3126.95","0","0","0"],["3126.94","0","0","0"],["3126.93","0","0","0"],["3126.92","0","0","0"],["3126.91","0","0","0"],["3126.9","0","0","0"],["3126.89","0","0","0"],["3126.88","0","0","0"],["3126.87","0","0","0"],["3126.86","0","0","0"],["3126.85","0","0","0"],["3126.84","0","0","0"],["3126.83","0","0","0"],["3126.82","0","0","0"],["3126.81","0","0","0"],["3126.8","0","0","0"],["3126.79","0","0","0"],["3126.78","0","0","0"],["3126.77","0","0","0"],["3126.76","0","0","0"],["3126.74","0","0","0"],["3126.73","0","0","0"],["3126.72","0","0","0"],["3126.71","0","0","0"],["3126.7","0","0","0"],["3126.69","0","0","0"],["3126.68","0","0","0"],["3126.67","0","0","0"],["3126.65","0","0","0"],["3126.64","0","0","0"],["3126.63","0","0","0"],["3126.61","0","0","0"],["3126.6","0","0","0"],["3126.59","0","0","0"],["3126.58","0","0","0"],["3126.56","0","0","0"],["3126.54","0","0","0"],["3126.53","0","0","0"],["3126.52","0","0","0"],["3126.51","0","0","0"],["3126.5","0","0","0"],["3126.48","0","0","0"],["3126.47","0","0","0"],["3126.45","0","0","0"],["3126.44","0","0","0"],["3126.43","0","0","0"],["3126.42","0","0","0"],["3126.41","0","0","0"],["3126.4","0","0","0"],["3126.39","0","0","0"],["3126.38","0","0","0"],["3126.37","0","0","0"],["3126.36","0","0","0"],["3126.35","0","0","0"],["3126.33","0","0","0"],["3126.32","0","0","0"],["3126.31","0","0","0"],["3126.3","0","0","0"],["3126.29","0","0","0"],["3126.28","0","0","0"],["3126.27","0","0","0"],["3126.26","0","0","0"],["3126.25","0","0","0"],["3126.24","0","0","0"],["3126.23","0","0","0"],["3126.22","0","0","0"],["3126.21","0","0","0"],["3126.2","7275.93","0","6"],["3123.39","0.02","0","1"],["3123.38","0.21","0","2"],["3123.37","0.21","0","2"],["3123.36","250.3","0","5"],["3123.35","25.18","0","2"],["3123.33","260.31","0","16"],["3123.32","4.17","0","7"],["3123.3","0.23","0","4"],["3123.29","59.12","0","4"],["3123.28","0.4","0","2"],["3123.27","0.02","0","2"],["3123.26","14.12","0","2"],["3123.25","0.47","0","1"],["3123.24","0.07","0","1"],["3123.23","107.57","0","2"],["3123.22","24.11","0","2"],["3123.2","129.49","0","16"],["3123.19","0.02","0","1"],["3123.18","0.75","0","6"],["3123.17","6.33","0","7"],["3123.16","0.23","0","1"],["3123.15","68.64","0","4"],["3123.14","0.02","0","2"],["3123.13","1.66","0","3"],["3123.12","1.42","0","5"],["3123.11","0.01","0","1"],["3123.09","24.14","0","2"],["3123.08","0.08","0","6"],["3123.07","4.87","0","1"],["3123.06","1.02","0","7"],["3123.05","0.29","0","2"],["3123.04","0.02","0","1"],["3123.03","384.25","0","3"],["3123.02","10.86","0","3"],["3123.01","36.44","0","5"],["3123","1637.71","0","37"],["3122.99","41.65","0","5"],["3122.98","0.06","0","2"],["3122.97","89.7","0","4"],["3122.96","0.07","0","1"],["3122.95","3.58","0","5"],["3122.94","736.06","0","4"],["3122.93","0.08","0","1"],["3122.92","50.42","0","3"],["3122.91","0.21","0","5"],["3122.9","4.82","0","4"],["3122.89","0.66","0","4"],["3122.88","90.18","0","2"],["3122.87","0.48","0","1"],["3122.86","1.32","0","10"],["3122.84","0.14","0","2"],["3122.83","4.07","0","1"],["3122.82","2.41","0","4"],["3122.81","117.75","0","2"],["3122.8","71.31","0","5"],["3122.79","0.01","0","1"],["3122.78","0.02","0","2"],["3122.77","49.23","0","5"],["3122.76","1.54","0","5"],["3122.75","12.39","0","4"],["3122.73","244.13","0","6"],["3122.72","0.04","0","1"],["3122.7","8.61","0","4"],["3122.69","3.46","0","3"],["3122.68","0.01","0","1"],["3122.67","0.21","0","5"],["3122.66","1.76","0","2"],["3122.65","13.97","0","15"],["3122.64","24.5","0","9"],["3122.63","0.13","0","2"],["3122.62","0.09","0","2"],["3122.6","176.54","0","4"],["3122.59","113.85","0","3"],["3122.58","0.7","0","6"],["3122.56","3456.48","0","4"],["3122.55","0.26","0","2"],["3122.54","9.05","0","4"],["3122.53","0.01","0","1"],["3122.52","5.15","0","8"],["3122.51","3.53","0","2"],["3122.5","493.92","0","32"],["3122.49","0.41","0","5"],["3122.48","0.03","0","1"],["3122.47","3.71","0","5"],["3122.46","0.04","0","1"],["3122.45","0.82","0","8"],["3122.44","0.03","0","2"],["3122.43","0.46","0","1"],["3122.42","0.51","0","2"],["3122.4","1217.46","0","10"],["3122.39","0.01","0","1"],["3122.38","26.01","0","7"],["3122.37","1.4","0","3"],["3122.36","0.02","0","2"],["3122.35","2.29","0","6"],["3122.34","9.54","0","1"],["3122.33","0.11","0","2"],["3122.32","0.17","0","2"],["3122.31","0.01","0","1"],["3122.3","0.44","0","1"],["3122.29","0.54","0","3"],["3122.28","57.27","0","2"],["3122.27","4.8","0","10"],["3122.26","0.66","0","1"],["3122.24","0.93","0","4"],["3122.23","0.03","0","2"],["3122.22","138.18","0","8"],["3122.2","0.78","0","3"],["3122.19","34.72","0","4"],["3122.18","0.31","0","4"],["3122.17","0.05","0","3"],["3122.15","0.07","0","4"],["3122.14","355.91","0","2"],["3122.13","20.15","0","2"],["3122.12","16.08","0","5"],["3122.11","0.02","0","1"],["3122.1","0.49","0","3"],["3122.08","0.7","0","8"],["3122.06","2.48","0","5"],["3122.05","0.15","0","2"],["3122.04","17.13","0","4"],["3122.03","0.37","0","2"],["3122.02","0.05","0","1"],["3122.01","0.5","0","6"],["3122","435.74","0","96"],["3121.99","174.38","0","6"],["3121.98","1.02","0","3"],["3121.97","0.73","0","5"],["3121.96","10.21","0","4"],["3121.95","10.12","0","5"],["3121.94","1.2","0","2"],["3121.93","15.19","0","1"],["3121.92","0.29","0","3"],["3121.91","0.37","0","2"],["3121.9","0.85","0","4"],["3121.89","0.01","0","1"],["3121.88","0.14","0","2"],["3121.87","0.16","0","6"],["3121.85","0.14","0","1"],["3121.84","0.28","0","2"],["3121.83","0.96","0","3"],["3121.82","13.03","0","6"],["3121.81","202.96","0","5"],["3121.8","8.94","0","8"],["3121.79","3.83","0","5"],["3121.78","0.38","0","2"],["3121.77","0.02","0","2"],["3121.76","1.45","0","3"],["3121.75","8.83","0","1"]],"ts":"1765631971607","checksum":2047302244,"seqId":1158510433,"prevSeqId":1158508152}]}
{"arg":{"channel":"books5","instId":"ETH-USDT-SWAP"},"data":[{"asks":[["3127.6","11.04","0","3"],["3127.63","0.47","0","1"],["3127.7","0.06","0","1"],["3127.75","0.02","0","1"],["3127.78","37.73","0","1"]],"bids":[["3126.2","7275.93","0","6"],["3126.19","355.02","0","2"],["3126.18","0.01","0","1"],["3126.17","70.91","0","5"],["3126.16","0.01","0","1"]],"instId":"ETH-USDT-SWAP","ts":"1765631971607","seqId":1158510433}]}
{"arg":{"channel":"bbo-tbt","instId":"ETH-USDT-SWAP"},"data":[{"asks":[["3127.6","10.92","0","2"]],"bids":[["3126.2","7275.94","0","7"]],"ts":"1765631971617","seqId":1158510548}]}
{"arg":{"channel":"tickers","instId":"ETH-USDT-SWAP"},"data":[{"instType":"SWAP","instId":"ETH-USDT-SWAP","last":"3126.4","lastSz":"0.06","askPx":"3129.54","askSz":"5.92","bidPx":"3126.4","bidSz":"151.08","open24h":"3248.4","high24h":"3315.64","low24h":"3072.11","sodUtc0":"3108.41","sodUtc8":"3174.4","volCcy24h":"19455532.501","vol24h":"194555325.01","ts":"1765631971596"}]}
{"arg":{"channel":"bbo-tbt","instId":"ETH-USDT-SWAP"},"data":[{"asks":[["3127.6","10.7","0","2"]],"bids":[["3126.2","7275.94","0","7"]],"ts":"1765631971707","seqId":1158510775}]}
{"arg":{"channel":"books","instId":"ETH-USDT-SWAP"},"action":"update","data":[{"asks":[["3127.6","10.7","0","2"]],"bids":[["3126.2","7275.94","0","7"]],"ts":"1765631971707","checksum":200337967,"seqId":1158510775,"prevSeqId":1158510433}]}
{"arg":{"channel":"books5","instId":"ETH-USDT-SWAP"},"data":[{"asks":[["3127.6","10.7","0","2"],["3127.63","0.47","0","1"],["3127.7","0.06","0","1"],["3127.75","0.02","0","1"],["3127.78","37.73","0","1"]],"bids":[["3126.2","7275.94","0","7"],["3126.19","355.02","0","2"],["3126.18","0.01","0","1"],["3126.17","70.91","0","5"],["3126.16","0.01","0","1"]],"instId":"ETH-USDT-SWAP","ts":"1765631971707","seqId":1158510775}]}
{"arg":{"channel":"tickers","instId":"ETH-USDT-SWAP"},"data":[{"instType":"SWAP","instId":"ETH-USDT-SWAP","last":"3127.6","lastSz":"0.09","askPx":"3127.6","askSz":"10.83","bidPx":"3126.2","bidSz":"7275.94","open24h":"3248.4","high24h":"3315.64","low24h":"3072.11","sodUtc0":"3108.41","sodUtc8":"3174.4","volCcy24h":"19459082.269","vol24h":"194590822.69","ts":"1765631971708"}]}
{"arg":{"channel":"bbo-tbt","instId":"ETH-USDT-SWAP"},"data":[{"asks":[["3127.6","10.19","0","1"]],"bids":[["3126.2","7275.94","0","7"]],"ts":"1765631971767","seqId":1158510786}]}
{"arg":{"channel":"bbo-tbt","instId":"ETH-USDT-SWAP"},"data":[{"asks":[["3127.6","10.19","0","1"]],"bids":[["3126.2","7276.71","0","8"]],"ts":"1765631971777","seqId":1158510788}]}
{"arg":{"channel":"books","instId":"ETH-USDT-SWAP"},"action":"update","data":[{"asks":[["3127.6","10.19","0","1"]],"bids":[["3126.2","7276.71","0","8"]],"ts":"1765631971807","checksum":-1244367402,"seqId":1158510788,"prevSeqId":1158510775}]}
{"arg":{"channel":"books5","instId":"ETH-USDT-SWAP"},"data":[{"asks":[["3127.6","10.19","0","1"],["3127.63","0.47","0","1"],["3127.7","0.06","0","1"],["3127.75","0.02","0","1"],["3127.78","37.73","0","1"]],"bids":[["3126.2","7276.71","0","8"],["3126.19","355.02","0","2"],["3126.18","0.01","0","1"],["3126.17","70.91","0","5"],["3126.16","0.01","0","1"]],"instId":"ETH-USDT-SWAP","ts":"1765631971807","seqId":1158510788}]}
{"arg":{"channel":"tickers","instId":"ETH-USDT-SWAP"},"data":[{"instType":"SWAP","instId":"ETH-USDT-SWAP","last":"3127.6","lastSz":"0.07","askPx":"3127.6","askSz":"10.19","bidPx":"3126.2","bidSz":"7276.71","open24h":"3248.4","high24h":"3315.64","low24h":"3072.11","sodUtc0":"3108.41","sodUtc8":"3174.4","volCcy24h":"19459082.333","vol24h":"194590823.33","ts":"1765631971810"}]}
{"arg":{"channel":"bbo-tbt","instId":"ETH-USDT-SWAP"},"data":[{"asks":[["3127.6","10.09","0","1"]],"bids":[["3126.2","7276.18","0","8"]],"ts":"1765631971937","seqId":1158510792}]}
{"arg":{"channel":"bbo-tbt","instId":"ETH-USDT-SWAP"},"data":[{"asks":[["3127.6","9.97","0","1"]],"bids":[["3126.2","7276.18","0","8"]],"ts":"1765631971967","seqId":1158510804}]}
{"arg":{"channel":"bbo-tbt","instId":"ETH-USDT-SWAP"},"data":[{"asks":[["3127.6","9.73","0","1"]],"bids":[["3126.2","7276.18","0","8"]],"ts":"1765631971987","seqId":1158510806}]}
{"arg":{"channel":"bbo-tbt","instId":"ETH-USDT-SWAP"},"data":[{"asks":[["3127.6","9.63","0","1"]],"bids":[["3126.2","7276.18","0","8"]],"ts":"1765631971997","seqId":1158510808}]}
{"arg":{"channel":"books","instId":"ETH-USDT-SWAP"},"action":"update","data":[{"asks":[["3127.6","9.63","0","1"]],"bids":[["3126.2","7276.18","0","8"]],"ts":"1765631972007","checksum":-1573801474,"seqId":1158510808,"prevSeqId":1158510788}]}
{"arg":{"channel":"books5","instId":"ETH-USDT-SWAP"},"data":[{"asks":[["3127.6","9.63","0","1"],["3127.63","0.47","0","1"],["3127.7","0.06","0","1"],["3127.75","0.02","0","1"],["3127.78","37.73","0","1"]],"bids":[["3126.2","7276.18","0","8"],["3126.19","355.02","0","2"],["3126.18","0.01","0","1"],["3126.17","70.91","0","5"],["3126.16","0.01","0","1"]],"instId":"ETH-USDT-SWAP","ts":"1765631972007","seqId":1158510808}]}
{"arg":{"channel":"bbo-tbt","instId":"ETH-USDT-SWAP"},"data":[{"asks":[["3127.6","9.53","0","1"]],"bids":[["3126.2","7276.18","0","8"]],"ts":"1765631972077","seqId":1158510810}]}
{"arg":{"channel":"tickers","instId":"ETH-USDT-SWAP"},"data":[{"instType":"SWAP","instId":"ETH-USDT-SWAP","last":"3127.6","lastSz":"0.1","askPx":"3127.6","askSz":"9.63","bidPx":"3126.2","bidSz":"7276.18","open24h":"3248.4","high24h":"3315.64","low24h":"3072.11","sodUtc0":"3108.41","sodUtc8":"3174.4","volCcy24h":"19459082.442","vol24h":"194590824.42","ts":"1765631972062"}]}
{"arg":{"channel":"books","instId":"ETH-USDT-SWAP"},"action":"update","data":[{"asks":[["3127.6","9.53","0","1"]],"bids":[],"ts":"1765631972107","checksum":-1832148425,"seqId":1158510810,"prevSeqId":1158510808}]}
{"arg":{"channel":"books5","instId":"ETH-USDT-SWAP"},"data":[{"asks":[["3127.6","9.53","0","1"],["3127.63","0.47","0","1"],["3127.7","0.06","0","1"],["3127.75","0.02","0","1"],["3127.78","37.73","0","1"]],"bids":[["3126.2","7276.18","0","8"],["3126.19","355.02","0","2"],["3126.18","0.01","0","1"],["3126.17","70.91","0","5"],["3126.16","0.01","0","1"]],"instId":"ETH-USDT-SWAP","ts":"1765631972107","seqId":1158510810}]}
{"arg":{"channel":"tickers","instId":"ETH-USDT-SWAP"},"data":[{"instType":"SWAP","instId":"ETH-USDT-SWAP","last":"3127.6","lastSz":"0.1","askPx":"3127.6","askSz":"9.53","bidPx":"3126.2","bidSz":"7276.18","open24h":"3248.4","high24h":"3315.64","low24h":"3072.11","sodUtc0":"3108.41","sodUtc8":"3174.4","volCcy24h":"19459082.452","vol24h":"194590824.52","ts":"1765631972165"}]}
{"arg":{"channel":"bbo-tbt","instId":"ETH-USDT-SWAP"},"data":[{"asks":[["3127.6","9.53","0","1"]],"bids":[["3126.2","7275.79","0","8"]],"ts":"1765631972207","seqId":1158510848}]}
{"arg":{"channel":"books","instId":"ETH-USDT-SWAP"},"action":"update","data":[{"asks":[],"bids":[["3126.2","7275.79","0","8"]],"ts":"1765631972207","checksum":-901648856,"seqId":1158510848,"prevSeqId":1158510810}]}
{"arg":{"channel":"books5","instId":"ETH-USDT-SWAP"},"data":[{"asks":[["3127.6","9.53","0","1"],["3127.63","0.47","0","1"],["3127.7","0.06","0","1"],["3127.75","0.02","0","1"],["3127.78","37.73","0","1"]],"bids":[["3126.2","7275.79","0","8"],["3126.19","355.02","0","2"],["3126.18","0.01","0","1"],["3126.17","70.91","0","5"],["3126.16","0.01","0","1"]],"instId":"ETH-USDT-SWAP","ts":"1765631972207","seqId":1158510848}]}
{"arg":{"channel":"bbo-tbt","instId":"ETH-USDT-SWAP"},"data":[{"asks":[["3127.6","9.29","0","1"]],"bids":[["3126.2","7275.79","0","8"]],"ts":"1765631972217","seqId":1158510850}]}
{"arg":{"channel":"bbo-tbt","instId":"ETH-USDT-SWAP"},"data":[{"asks":[["3127.6","9.22","0","1"]],"bids":[["3126.2","7275.26","0","8"]],"ts":"1765631972297","seqId":1158510854}]}
{"arg":{"channel":"books","instId":"ETH-USDT-SWAP"},"action":"update","data":[{"asks":[["3127.6","9.22","0","1"]],"bids":[["3126.2","7275.26","0","8"]],"ts":"1765631972307","checksum":628520773,"seqId":1158510854,"prevSeqId":1158510848}]}
{"arg":{"channel":"books5","instId":"ETH-USDT-SWAP"},"data":[{"asks":[["3127.6","9.22","0","1"],["3127.63","0.47","0","1"],["3127.7","0.06","0","1"],["3127.75","0.02","0","1"],["3127.78","37.73","0","1"]],"bids":[["3126.2","7275.26","0","8"],["3126.19","355.02","0","2"],["3126.18","0.01","0","1"],["3126.17","70.91","0","5"],["3126.16","0.01","0","1"]],"instId":"ETH-USDT-SWAP","ts":"1765631972307","seqId":1158510854}]}
{"arg":{"channel":"tickers","instId":"ETH-USDT-SWAP"},"data":[{"instType":"SWAP","instId":"ETH-USDT-SWAP","last":"3127.6","lastSz":"0.24","askPx":"3127.6","askSz":"9.29","bidPx":"3126.2","bidSz":"7275.79","open24h":"3248.4","high24h":"3315.64","low24h":"3072.11","sodUtc0":"3108.41","sodUtc8":"3174.4","volCcy24h":"19459082.515","vol24h":"194590825.15","ts":"1765631972275"}]}
{"arg":{"channel":"bbo-tbt","instId":"ETH-USDT-SWAP"},"data":[{"asks":[["3127.6","9.22","0","1"]],"bids":[["3126.2","7275.13","0","8"]],"ts":"1765631972357","seqId":1158510856}]}
{"arg":{"channel":"bbo-tbt","instId":"ETH-USDT-SWAP"},"data":[{"asks":[["3127.6","9.06","0","1"]],"bids":[["3126.2","7275.13","0","8"]],"ts":"1765631972397","seqId":1158510860}]}
{"arg":{"channel":"tickers","instId":"ETH-USDT-SWAP"},"data":[{"instType":"SWAP","instId":"ETH-USDT-SWAP","last":"3127.6","lastSz":"0.1","askPx":"3127.6","askSz":"9.12","bidPx":"3126.2","bidSz":"7275.13","open24h":"3248.4","high24h":"3315.64","low24h":"3072.11","sodUtc0":"3108.41","sodUtc8":"3174.4","volCcy24h":"19459082.598","vol24h":"194590825.98","ts":"1765631972391"}]}
{"arg":{"channel":"books","instId":"ETH-USDT-SWAP"},"action":"update","data":[{"asks":[["3127.6","9.06","0","1"]],"bids":[["3126.2","7275.13","0","8"]],"ts":"1765631972407","checksum":-518707903,"seqId":1158510860,"prevSeqId":1158510854}]}
{"arg":{"channel":"books5","instId":"ETH-USDT-SWAP"},"data":[{"asks":[["3127.6","9.06","0","1"],["3127.63","0.47","0","1"],["3127.7","0.06","0","1"],["3127.75","0.02","0","1"],["3127.78","37.73","0","1"]],"bids":[["3126.2","7275.13","0","8"],["3126.19","355.02","0","2"],["3126.18","0.01","0","1"],["3126.17","70.91","0","5"],["3126.16","0.01","0","1"]],"instId":"ETH-USDT-SWAP","ts":"1765631972407","seqId":1158510860}]}
{"arg":{"channel":"bbo-tbt","instId":"ETH-USDT-SWAP"},"data":[{"asks":[["3127.6","8.98","0","1"]],"bids":[["3126.2","7275.13","0","8"]],"ts":"1765631972517","seqId":1158510870}]}
{"arg":{"channel":"tickers","instId":"ETH-USDT-SWAP"},"data":[{"instType":"SWAP","instId":"ETH-USDT-SWAP","last":"3127.6","lastSz":"0.06","askPx":"3127.6","askSz":"9.06","bidPx":"3126.2","bidSz":"7275.13","open24h":"3248.4","high24h":"3315.64","low24h":"3072.11","sodUtc0":"3108.41","sodUtc8":"3174.4","volCcy24h":"19459082.604","vol24h":"194590826.04","ts":"1765631972510"}]}
{"arg":{"channel":"bbo-tbt","instId":"ETH-USDT-SWAP"},"data":[{"asks":[["3127.6","8.78","0","1"]],"bids":[["3126.2","7275.13","0","8"]],"ts":"1765631972557","seqId":1158510876}]}
{"arg":{"channel":"books","instId":"ETH-USDT-SWAP"},"action":"update","data":[{"asks":[["3127.6","8.78","0","1"]],"bids":[],"ts":"1765631972607","checksum":1958526402,"seqId":1158510876,"prevSeqId":1158510860}]}
{"arg":{"channel":"books5","instId":"ETH-USDT-SWAP"},"data":[{"asks":[["3127.6","8.78","0","1"],["3127.63","0.47","0","1"],["3127.7","0.06","0","1"],["3127.75","0.02","0","1"],["3127.78","37.73","0","1"]],"bids":[["3126.2","7275.13","0","8"],["3126.19","355.02","0","2"],["3126.18","0.01","0","1"],["3126.17","70.91","0","5"],["3126.16","0.01","0","1"]],"instId":"ETH-USDT-SWAP","ts":"1765631972607","seqId":1158510876}]}
{"arg":{"channel":"bbo-tbt","instId":"ETH-USDT-SWAP"},"data":[{"asks":[["3127.6","8.78","0","1"]],"bids":[["3126.2","7274.87","0","8"]],"ts":"1765631972627","seqId":1158510878}]}
{"arg":{"channel":"tickers","instId":"ETH-USDT-SWAP"},"data":[{"instType":"SWAP","instId":"ETH-USDT-SWAP","last":"3126.2","lastSz":"0.26","askPx":"3127.6","askSz":"8.78","bidPx":"3126.2","bidSz":"7274.87","open24h":"3248.4","high24h":"3315.64","low24h":"3072.11","sodUtc0":"3108.41","sodUtc8":"3174.4","volCcy24h":"19459082.658","vol24h":"194590826.58","ts":"1765631972622"}]}
{"arg":{"channel":"books","instId":"ETH-USDT-SWAP"},"action":"update","data":[{"asks":[],"bids":[["3126.2","7274.87","0","8"]],"ts":"1765631972707","checksum":1687158865,"seqId":1158510878,"prevSeqId":1158510876}]}
{"arg":{"channel":"books5","instId":"ETH-USDT-SWAP"},"data":[{"asks":[["3127.6","8.78","0","1"],["3127.63","0.47","0","1"],["3127.7","0.06","0","1"],["3127.75","0.02","0","1"],["3127.78","37.73","0","1"]],"bids":[["3126.2","7274.87","0","8"],["3126.19","355.02","0","2"],["3126.18","0.01","0","1"],["3126.17","70.91","0","5"],["3126.16","0.01","0","1"]],"instId":"ETH-USDT-SWAP","ts":"1765631972707","seqId":1158510878}]}
{"arg":{"channel":"bbo-tbt","instId":"ETH-USDT-SWAP"},"data":[{"asks":[["3127.6","8.78","0","1"]],"bids":[["3126.2","7274.74","0","8"]],"ts":"1765631972807","seqId":1158510880}]}
{"arg":{"channel":"books","instId":"ETH-USDT-SWAP"},"action":"update","data":[{"asks":[],"bids":[["3126.2","7274.74","0","8"]],"ts":"1765631972807","checksum":-599338663,"seqId":1158510880,"prevSeqId":1158510878}]}
{"arg":{"channel":"books5","instId":"ETH-USDT-SWAP"},"data":[{"asks":[["3127.6","8.78","0","1"],["3127.63","0.47","0","1"],["3127.7","0.06","0","1"],["3127.75","0.02","0","1"],["3127.78","37.73","0","1"]],"bids":[["3126.2","7274.74","0","8"],["3126.19","355.02","0","2"],["3126.18","0.01","0","1"],["3126.17","70.91","0","5"],["3126.16","0.01","0","1"]],"instId":"ETH-USDT-SWAP","ts":"1765631972807","seqId":1158510880}]}
{"arg":{"channel":"tickers","instId":"ETH-USDT-SWAP"},"data":[{"instType":"SWAP","instId":"ETH-USDT-SWAP","last":"3126.2","lastSz":"0.26","askPx":"3127.6","askSz":"8.78","bidPx":"3126.2","bidSz":"7274.87","open24h":"3248.4","high24h":"3315.64","low24h":"3072.11","sodUtc0":"3108.41","sodUtc8":"3174.4","volCcy24h":"19459082.658","vol24h":"194590826.58","ts":"1765631972765"}]}
{"arg":{"channel":"bbo-tbt","instId":"ETH-USDT-SWAP"},"data":[{"asks":[["3127.6","8.78","0","1"]],"bids":[["3126.2","7264.63","0","8"]],"ts":"1765631972837","seqId":1158510894}]}
{"arg":{"channel":"bbo-tbt","instId":"ETH-USDT-SWAP"},"data":[{"asks":[["3127.6","8.4","0","1"]],"bids":[["3126.2","7264.5","0","8"]],"ts":"1765631972867","seqId":1158510898}]}
{"arg":{"channel":"bbo-tbt","instId":"ETH-USDT-SWAP"},"data":[{"asks":[["3127.6","8.31","0","1"]],"bids":[["3126.2","7264.5","0","8"]],"ts":"1765631972887","seqId":1158510900}]}
{"arg":{"channel":"books","instId":"ETH-USDT-SWAP"},"action":"update","data":[{"asks":[["3127.6","8.31","0","1"]],"bids":[["3126.2","7264.5","0","8"]],"ts":"1765631972907","checksum":-1280536705,"seqId":1158510900,"prevSeqId":1158510880}]}
{"arg":{"channel":"books5","instId":"ETH-USDT-SWAP"},"data":[{"asks":[["3127.6","8.31","0","1"],["3127.63","0.47","0","1"],["3127.7","0.06","0","1"],["3127.75","0.02","0","1"],["3127.78","37.73","0","1"]],"bids":[["3126.2","7264.5","0","8"],["3126.19","355.02","0","2"],["3126.18","0.01","0","1"],["3126.17","70.91","0","5"],["3126.16","0.01","0","1"]],"instId":"ETH-USDT-SWAP","ts":"1765631972907","seqId":1158510900}]}
{"arg":{"channel":"tickers","instId":"ETH-USDT-SWAP"},"data":[{"instType":"SWAP","instId":"ETH-USDT-SWAP","last":"3127.6","lastSz":"0.09","askPx":"3127.6","askSz":"8.31","bidPx":"3126.2","bidSz":"7264.5","open24h":"3248.4","high24h":"3315.64","low24h":"3072.11","sodUtc0":"3108.41","sodUtc8":"3174.4","volCcy24h":"19459083.742","vol24h":"194590837.42","ts":"1765631972882"}]}
{"arg":{"channel":"bbo-tbt","instId":"ETH-USDT-SWAP"},"data":[{"asks":[["3127.6","8.17","0","1"]],"bids":[["3126.2","7264.5","0","8"]],"ts":"1765631972927","seqId":1158510902}]}
{"arg":{"channel":"books","instId":"ETH-USDT-SWAP"},"action":"update","data":[{"asks":[["3127.6","8.17","0","1"]],"bids":[],"ts":"1765631973007","checksum":-1173869040,"seqId":1158510902,"prevSeqId":1158510900}]}
{"arg":{"channel":"books5","instId":"ETH-USDT-SWAP"},"data":[{"asks":[["3127.6","8.17","0","1"],["3127.63","0.47","0","1"],["3127.7","0.06","0","1"],["3127.75","0.02","0","1"],["3127.78","37.73","0","1"]],"bids":[["3126.2","7264.5","0","8"],["3126.19","355.02","0","2"],["3126.18","0.01","0","1"],["3126.17","70.91","0","5"],["3126.16","0.01","0","1"]],"instId":"ETH-USDT-SWAP","ts":"1765631973007","seqId":1158510902}]}
{"arg":{"channel":"tickers","instId":"ETH-USDT-SWAP"},"data":[{"instType":"SWAP","instId":"ETH-USDT-SWAP","last":"3127.6","lastSz":"0.14","askPx":"3127.6","askSz":"8.17","bidPx":"3126.2","bidSz":"7264.5","open24h":"3248.4","high24h":"3315.64","low24h":"3072.11","sodUtc0":"3108.41","sodUtc8":"3174.4","volCcy24h":"19459083.756","vol24h":"194590837.56","ts":"1765631973011"}]}
{"arg":{"channel":"bbo-tbt","instId":"ETH-USDT-SWAP"},"data":[{"asks":[["3127.6","8.09","0","1"]],"bids":[["3126.2","7264.5","0","8"]],"ts":"1765631973027","seqId":1158510904}]}
{"arg":{"channel":"bbo-tbt","instId":"ETH-USDT-SWAP"},"data":[{"asks":[["3127.6","7.99","0","1"]],"bids":[["3126.2","7264.5","0","8"]],"ts":"1765631973067","seqId":1158510911}]}
{"arg":{"channel":"books","instId":"ETH-USDT-SWAP"},"action":"update","data":[{"asks":[["3127.6","7.99","0","1"]],"bids":[],"ts":"1765631973107","checksum":-1762885684,"seqId":1158510916,"prevSeqId":1158510902}]}
{"arg":{"channel":"books5","instId":"ETH-USDT-SWAP"},"data":[{"asks":[["3127.6","7.99","0","1"],["3127.63","0.47","0","1"],["3127.7","0.06","0","1"],["3127.75","0.02","0","1"],["3127.78","37.73","0","1"]],"bids":[["3126.2","7264.5","0","8"],["3126.19","355.02","0","2"],["3126.18","0.01","0","1"],["3126.17","70.91","0","5"],["3126.16","0.01","0","1"]],"instId":"ETH-USDT-SWAP","ts":"1765631973107","seqId":1158510916}]}
{"arg":{"channel":"bbo-tbt","instId":"ETH-USDT-SWAP"},"data":[{"asks":[["3127.6","7.99","0","1"]],"bids":[["3126.2","7262.76","0","8"]],"ts":"1765631973147","seqId":1158510938}]}
{"arg":{"channel":"tickers","instId":"ETH-USDT-SWAP"},"data":[{"instType":"SWAP","instId":"ETH-USDT-SWAP","last":"3126.2","lastSz":"1.74","askPx":"3127.6","askSz":"7.99","bidPx":"3126.2","bidSz":"7262.76","open24h":"3248.4","high24h":"3315.64","low24h":"3072.11","sodUtc0":"3108.41","sodUtc8":"3174.4","volCcy24h":"19459083.948","vol24h":"194590839.48","ts":"1765631973149"}]}
{"arg":{"channel":"bbo-tbt","instId":"ETH-USDT-SWAP"},"data":[{"asks":[["3127.6","7.99","0","1"]],"bids":[["3126.2","7262.63","0","8"]],"ts":"1765631973177","seqId":1158510976}]}
{"arg":{"channel":"books","instId":"ETH-USDT-SWAP"},"action":"update","data":[{"asks":[],"bids":[["3126.2","7262.63","0","8"]],"ts":"1765631973207","checksum":510674263,"seqId":1158510976,"prevSeqId":1158510916}]}
{"arg":{"channel":"books5","instId":"ETH-USDT-SWAP"},"data":[{"asks":[["3127.6","7.99","0","1"],["3127.63","0.47","0","1"],["3127.7","0.06","0","1"],["3127.75","0.02","0","1"],["3127.78","37.73","0","1"]],"bids":[["3126.2","7262.63","0","8"],["3126.19","355.02","0","2"],["3126.18","0.01","0","1"],["3126.17","70.91","0","5"],["3126.16","0.01","0","1"]],"instId":"ETH-USDT-SWAP","ts":"1765631973207","seqId":1158510976}]}
{"arg":{"channel":"bbo-tbt","instId":"ETH-USDT-SWAP"},"data":[{"asks":[["3127.6","7.75","0","1"]],"bids":[["3126.2","7262.63","0","8"]],"ts":"1765631973277","seqId":1158511012}]}
{"arg":{"channel":"bbo-tbt","instId":"ETH-USDT-SWAP"},"data":[{"asks":[["3127.6","7.75","0","1"]],"bids":[["3126.2","7262.24","0","8"]],"ts":"1765631973287","seqId":1158511014}]}
{"arg":{"channel":"books","instId":"ETH-USDT-SWAP"},"action":"update","data":[{"asks":[["3127.6","7.75","0","1"]],"bids":[["3126.2","7262.24","0","8"]],"ts":"1765631973307","checksum":1913374991,"seqId":1158511014,"prevSeqId":1158510976}]}
{"arg":{"channel":"books5","instId":"ETH-USDT-SWAP"},"data":[{"asks":[["3127.6","7.75","0","1"],["3127.63","0.47","0","1"],["3127.7","0.06","0","1"],["3127.75","0.02","0","1"],["3127.78","37.73","0","1"]],"bids":[["3126.2","7262.24","0","8"],["3126.19","355.02","0","2"],["3126.18","0.01","0","1"],["3126.17","70.91","0","5"],["3126.16","0.01","0","1"]],"instId":"ETH-USDT-SWAP","ts":"1765631973307","seqId":1158511014}]}
{"arg":{"channel":"bbo-tbt","instId":"ETH-USDT-SWAP"},"data":[{"asks":[["3127.6","7.75","0","1"]],"bids":[["3126.2","5901.4","0","8"]],"ts":"1765631973317","seqId":1158511016}]}
{"arg":{"channel":"tickers","instId":"ETH-USDT-SWAP"},"data":[{"instType":"SWAP","instId":"ETH-USDT-SWAP","last":"3126.2","lastSz":"0.13","askPx":"3127.6","askSz":"7.99","bidPx":"3126.2","bidSz":"7262.63","open24h":"3248.4","high24h":"3315.64","low24h":"3072.11","sodUtc0":"3108.41","sodUtc8":"3174.4","volCcy24h":"19459083.961","vol24h":"194590839.61","ts":"1765631973265"}]}
{"arg":{"channel":"bbo-tbt","instId":"ETH-USDT-SWAP"},"data":[{"asks":[["3127.6","7.51","0","1"]],"bids":[["3126.2","5901.4","0","8"]],"ts":"1765631973357","seqId":1158511018}]}
{"arg":{"channel":"bbo-tbt","instId":"ETH-USDT-SWAP"},"data":[{"asks":[["3127.6","7.51","0","1"]],"bids":[["3126.2","5901.3","0","8"]],"ts":"1765631973367","seqId":1158511020}]}
{"arg":{"channel":"bbo-tbt","instId":"ETH-USDT-SWAP"},"data":[{"asks":[["3127.6","7.51","0","1"]],"bids":[["3126.2","5900.08","0","8"]],"ts":"1765631973377","seqId":1158511022}]}
{"arg":{"channel":"tickers","instId":"ETH-USDT-SWAP"},"data":[{"instType":"SWAP","instId":"ETH-USDT-SWAP","last":"3126.2","lastSz":"1.22","askPx":"3127.6","askSz":"7.51","bidPx":"3126.2","bidSz":"5900.08","open24h":"3248.4","high24h":"3315.64","low24h":"3072.11","sodUtc0":"3108.41","sodUtc8":"3174.4","volCcy24h":"19459220.264","vol24h":"194592202.64","ts":"1765631973372"}]}
{"arg":{"channel":"books","instId":"ETH-USDT-SWAP"},"action":"update","data":[{"asks":[["3127.6","7.51","0","1"]],"bids":[["3126.2","5900.08","0","8"]],"ts":"1765631973407","checksum":-1727379732,"seqId":1158511022,"prevSeqId":1158511014}]}
{"arg":{"channel":"books5","instId":"ETH-USDT-SWAP"},"data":[{"asks":[["3127.6","7.51","0","1"],["3127.63","0.47","0","1"],["3127.7","0.06","0","1"],["3127.75","0.02","0","1"],["3127.78","37.73","0","1"]],"bids":[["3126.2","5900.08","0","8"],["3126.19","355.02","0","2"],["3126.18","0.01","0","1"],["3126.17","70.91","0","5"],["3126.16","0.01","0","1"]],"instId":"ETH-USDT-SWAP","ts":"1765631973407","seqId":1158511022}]}
{"arg":{"channel":"bbo-tbt","instId":"ETH-USDT-SWAP"},"data":[{"asks":[["3127.6","7.41","0","1"]],"bids":[["3126.2","5900.08","0","8"]],"ts":"1765631973447","seqId":1158511044}]}
{"arg":{"channel":"books","instId":"ETH-USDT-SWAP"},"action":"update","data":[{"asks":[["3127.6","7.41","0","1"]],"bids":[],"ts":"1765631973507","checksum":1066186132,"seqId":1158511044,"prevSeqId":1158511022}]}
{"arg":{"channel":"books5","instId":"ETH-USDT-SWAP"},"data":[{"asks":[["3127.6","7.41","0","1"],["3127.63","0.47","0","1"],["3127.7","0.06","0","1"],["3127.75","0.02","0","1"],["3127.78","37.73","0","1"]],"bids":[["3126.2","5900.08","0","8"],["3126.19","355.02","0","2"],["3126.18","0.01","0","1"],["3126.17","70.91","0","5"],["3126.16","0.01","0","1"]],"instId":"ETH-USDT-SWAP","ts":"1765631973507","seqId":1158511044}]}
{"arg":{"channel":"tickers","instId":"ETH-USDT-SWAP"},"data":[{"instType":"SWAP","instId":"ETH-USDT-SWAP","last":"3127.6","lastSz":"0.1","askPx":"3127.6","askSz":"7.41","bidPx":"3126.2","bidSz":"5900.08","open24h":"3248.4","high24h":"3315.64","low24h":"3072.11","sodUtc0":"3108.41","sodUtc8":"3174.4","volCcy24h":"19459220.274","vol24h":"194592202.74","ts":"1765631973505"}]}
{"arg":{"channel":"bbo-tbt","instId":"ETH-USDT-SWAP"},"data":[{"asks":[["3127.6","7.41","0","1"]],"bids":[["3126.2","5899.55","0","8"]],"ts":"1765631973597","seqId":1158511050}]}
{"arg":{"channel":"bbo-tbt","instId":"ETH-USDT-SWAP"},"data":[{"asks":[["3127.6","7.33","0","1"]],"bids":[["3126.2","5899.55","0","8"]],"ts":"1765631973607","seqId":1158511052}]}
{"arg":{"channel":"books","instId":"ETH-USDT-SWAP"},"action":"update","data":[{"asks":[["3127.6","7.33","0","1"]],"bids":[["3126.2","5899.55","0","8"]],"ts":"1765631973607","checksum":1247138631,"seqId":1158511052,"prevSeqId":1158511044}]}
{"arg":{"channel":"books5","instId":"ETH-USDT-SWAP"},"data":[{"asks":[["3127.6","7.33","0","1"],["3127.63","0.47","0","1"],["3127.7","0.06","0","1"],["3127.75","0.02","0","1"],["3127.78","37.73","0","1"]],"bids":[["3126.2","5899.55","0","8"],["3126.19","355.02","0","2"],["3126.18","0.01","0","1"],["3126.17","70.91","0","5"],["3126.16","0.01","0","1"]],"instId":"ETH-USDT-SWAP","ts":"1765631973607","seqId":1158511052}]}
{"arg":{"channel":"tickers","instId":"ETH-USDT-SWAP"},"data":[{"instType":"SWAP","instId":"ETH-USDT-SWAP","last":"3127.6","lastSz":"0.08","askPx":"3127.6","askSz":"7.33","bidPx":"3126.2","bidSz":"5899.55","open24h":"3248.4","high24h":"3315.64","low24h":"3072.11","sodUtc0":"3108.41","sodUtc8":"3174.4","volCcy24h":"19459220.335","vol24h":"194592203.35","ts":"1765631973610"}]}
{"arg":{"channel":"bbo-tbt","instId":"ETH-USDT-SWAP"},"data":[{"asks":[["3127.6","7.09","0","1"]],"bids":[["3126.2","5899.29","0","8"]],"ts":"1765631973707","seqId":1158511056}]}
{"arg":{"channel":"books","instId":"ETH-USDT-SWAP"},"action":"update","data":[{"asks":[["3127.6","7.09","0","1"]],"bids":[["3126.2","5899.29","0","8"]],"ts":"1765631973707","checksum":515607654,"seqId":1158511056,"prevSeqId":1158511052}]}
{"arg":{"channel":"books5","instId":"ETH-USDT-SWAP"},"data":[{"asks":[["3127.6","7.09","0","1"],["3127.63","0.47","0","1"],["3127.7","0.06","0","1"],["3127.75","0.02","0","1"],["3127.78","37.73","0","1"]],"bids":[["3126.2","5899.29","0","8"],["3126.19","355.02","0","2"],["3126.18","0.01","0","1"],["3126.17","70.91","0","5"],["3126.16","0.01","0","1"]],"instId":"ETH-USDT-SWAP","ts":"1765631973707","seqId":1158511056}]}
{"arg":{"channel":"bbo-tbt","instId":"ETH-USDT-SWAP"},"data":[{"asks":[["3127.6","7.09","0","1"]],"bids":[["3126.2","5899.17","0","8"]],"ts":"1765631973717","seqId":1158511058}]}
{"arg":{"channel":"bbo-tbt","instId":"ETH-USDT-SWAP"},"data":[{"asks":[["3127.6","7.02","0","1"]],"bids":[["3126.2","5899.17","0","8"]],"ts":"1765631973747","seqId":1158511086}]}
{"arg":{"channel":"bbo-tbt","instId":"ETH-USDT-SWAP"},"data":[{"asks":[["3127.6","6.92","0","1"]],"bids":[["3126.2","5899.17","0","8"]],"ts":"1765631973797","seqId":1158511088}]}
{"arg":{"channel":"books","instId":"ETH-USDT-SWAP"},"action":"update","data":[{"asks":[["3127.6","6.92","0","1"]],"bids":[["3126.2","5899.17","0","8"]],"ts":"1765631973807","checksum":-1487362990,"seqId":1158511088,"prevSeqId":1158511056}]}
{"arg":{"channel":"books5","instId":"ETH-USDT-SWAP"},"data":[{"asks":[["3127.6","6.92","0","1"],["3127.63","0.47","0","1"],["3127.7","0.06","0","1"],["3127.75","0.02","0","1"],["3127.78","37.73","0","1"]],"bids":[["3126.2","5899.17","0","8"],["3126.19","355.02","0","2"],["3126.18","0.01","0","1"],["3126.17","70.91","0","5"],["3126.16","0.01","0","1"]],"instId":"ETH-USDT-SWAP","ts":"1765631973807","seqId":1158511088}]}
{"arg":{"channel":"tickers","instId":"ETH-USDT-SWAP"},"data":[{"instType":"SWAP","instId":"ETH-USDT-SWAP","last":"3126.2","lastSz":"0.12","askPx":"3127.6","askSz":"7.09","bidPx":"3126.2","bidSz":"5899.17","open24h":"3248.4","high24h":"3315.64","low24h":"3072.11","sodUtc0":"3108.41","sodUtc8":"3174.4","volCcy24h":"19459220.397","vol24h":"194592203.97","ts":"1765631973718"}]}
{"arg":{"channel":"bbo-tbt","instId":"ETH-USDT-SWAP"},"data":[{"asks":[["3127.6","6.92","0","1"]],"bids":[["3126.2","5898.95","0","8"]],"ts":"1765631973817","seqId":1158511090}]}
{"arg":{"channel":"books","instId":"ETH-USDT-SWAP"},"action":"update","data":[{"asks":[],"bids":[["3126.2","5898.95","0","8"]],"ts":"1765631973907","checksum":35065609,"seqId":1158511090,"prevSeqId":1158511088}]}
{"arg":{"channel":"books5","instId":"ETH-USDT-SWAP"},"data":[{"asks":[["3127.6","6.92","0","1"],["3127.63","0.47","0","1"],["3127.7","0.06","0","1"],["3127.75","0.02","0","1"],["3127.78","37.73","0","1"]],"bids":[["3126.2","5898.95","0","8"],["3126.19","355.02","0","2"],["3126.18","0.01","0","1"],["3126.17","70.91","0","5"],["3126.16","0.01","0","1"]],"instId":"ETH-USDT-SWAP","ts":"1765631973907","seqId":1158511090}]}
{"arg":{"channel":"tickers","instId":"ETH-USDT-SWAP"},"data":[{"instType":"SWAP","instId":"ETH-USDT-SWAP","last":"3126.2","lastSz":"0.22","askPx":"3127.6","askSz":"6.92","bidPx":"3126.2","bidSz":"5898.95","open24h":"3248.4","high24h":"3315.64","low24h":"3072.11","sodUtc0":"3108.41","sodUtc8":"3174.4","volCcy24h":"19459220.436","vol24h":"194592204.36","ts":"1765631973873"}]}
{"arg":{"channel":"bbo-tbt","instId":"ETH-USDT-SWAP"},"data":[{"asks":[["3127.6","6.92","0","1"]],"bids":[["3126.2","5898.42","0","8"]],"ts":"1765631973947","seqId":1158511124}]}
{"arg":{"channel":"bbo-tbt","instId":"ETH-USDT-SWAP"},"data":[{"asks":[["3127.6","6.92","0","1"]],"bids":[["3126.2","5898.33","0","8"]],"ts":"1765631973967","seqId":1158511126}]}
{"arg":{"channel":"bbo-tbt","instId":"ETH-USDT-SWAP"},"data":[{"asks":[["3127.6","6.77","0","1"]],"bids":[["3126.2","5898.33","0","8"]],"ts":"1765631974007","seqId":1158511128}]}
{"arg":{"channel":"books","instId":"ETH-USDT-SWAP"},"action":"update","data":[{"asks":[["3127.6","6.77","0","1"]],"bids":[["3126.2","5898.33","0","8"]],"ts":"1765631974007","checksum":-99425449,"seqId":1158511128,"prevSeqId":1158511090}]}
{"arg":{"channel":"books5","instId":"ETH-USDT-SWAP"},"data":[{"asks":[["3127.6","6.77","0","1"],["3127.63","0.47","0","1"],["3127.7","0.06","0","1"],["3127.75","0.02","0","1"],["3127.78","37.73","0","1"]],"bids":[["3126.2","5898.33","0","8"],["3126.19","355.02","0","2"],["3126.18","0.01","0","1"],["3126.17","70.91","0","5"],["3126.16","0.01","0","1"]],"instId":"ETH-USDT-SWAP","ts":"1765631974007","seqId":1158511128}]}
{"arg":{"channel":"tickers","instId":"ETH-USDT-SWAP"},"data":[{"instType":"SWAP","instId":"ETH-USDT-SWAP","last":"3127.6","lastSz":"0.15","askPx":"3127.6","askSz":"6.77","bidPx":"3126.2","bidSz":"5898.33","open24h":"3248.4","high24h":"3315.64","low24h":"3072.11","sodUtc0":"3108.41","sodUtc8":"3174.4","volCcy24h":"19459220.513","vol24h":"194592205.13","ts":"1765631974001"}]}
{"arg":{"channel":"bbo-tbt","instId":"ETH-USDT-SWAP"},"data":[{"asks":[["3127.6","6.77","0","1"]],"bids":[["3126.2","5898.21","0","8"]],"ts":"1765631974057","seqId":1158511130}]}
{"arg":{"channel":"bbo-tbt","instId":"ETH-USDT-SWAP"},"data":[{"asks":[["3127.6","6.77","0","1"]],"bids":[["3126.2","5898.08","0","8"]],"ts":"1765631974097","seqId":1158511132}]}
{"arg":{"channel":"books","instId":"ETH-USDT-SWAP"},"action":"update","data":[{"asks":[],"bids":[["3126.2","5898.08","0","8"]],"ts":"1765631974107","checksum":942788012,"seqId":1158511132,"prevSeqId":1158511128}]}
{"arg":{"channel":"books5","instId":"ETH-USDT-SWAP"},"data":[{"asks":[["3127.6","6.77","0","1"],["3127.63","0.47","0","1"],["3127.7","0.06","0","1"],["3127.75","0.02","0","1"],["3127.78","37.73","0","1"]],"bids":[["3126.2","5898.08","0","8"],["3126.19","355.02","0","2"],["3126.18","0.01","0","1"],["3126.17","70.91","0","5"],["3126.16","0.01","0","1"]],"instId":"ETH-USDT-SWAP","ts":"1765631974107","seqId":1158511132}]}
{"arg":{"channel":"tickers","instId":"ETH-USDT-SWAP"},"data":[{"instType":"SWAP","instId":"ETH-USDT-SWAP","last":"3126.2","lastSz":"0.13","askPx":"3127.6","askSz":"6.77","bidPx":"3126.2","bidSz":"5898.08","open24h":"3248.4","high24h":"3315.64","low24h":"3072.11","sodUtc0":"3108.41","sodUtc8":"3174.4","volCcy24h":"19459220.538","vol24h":"194592205.38","ts":"1765631974122"}]}
{"arg":{"channel":"bbo-tbt","instId":"ETH-USDT-SWAP"},"data":[{"asks":[["3127.6","6.63","0","1"]],"bids":[["3126.2","5898.08","0","8"]],"ts":"1765631974157","seqId":1158511136}]}
{"arg":{"channel":"bbo-tbt","instId":"ETH-USDT-SWAP"},"data":[{"asks":[["3127.6","6.63","0","1"]],"bids":[["3126.19","354.96","0","2"]],"ts":"1765631974177","seqId":1158511166}]}
{"arg":{"channel":"bbo-tbt","instId":"ETH-USDT-SWAP"},"data":[{"asks":[["3127.6","7.41","0","3"]],"bids":[["3126.19","354.96","0","2"]],"ts":"1765631974187","seqId":1158511202}]}
{"arg":{"channel":"books","instId":"ETH-USDT-SWAP"},"action":"update","data":[{"asks":[["3127.6","7.41","0","3"],["3132.4","42396.83","0","6"],["3132.58","0.03","0","3"]],"bids":[["3126.2","0","0","0"],["3126.19","354.96","0","2"],["3121.74","212.45","0","12"]],"ts":"1765631974207","checksum":-437403865,"seqId":1158511227,"prevSeqId":1158511132}]}
{"arg":{"channel":"books5","instId":"ETH-USDT-SWAP"},"data":[{"asks":[["3127.6","7.41","0","3"],["3127.63","0.47","0","1"],["3127.7","0.06","0","1"],["3127.75","0.02","0","1"],["3127.78","37.73","0","1"]],"bids":[["3126.19","354.96","0","2"],["3126.18","0.01","0","1"],["3126.17","70.91","0","5"],["3126.16","0.01","0","1"],["3126.15","1.39","0","6"]],"instId":"ETH-USDT-SWAP","ts":"1765631974207","seqId":1158511227}]}
{"arg":{"channel":"bbo-tbt","instId":"ETH-USDT-SWAP"},"data":[{"asks":[["3127.6","7.41","0","3"]],"bids":[["3126.19","353.22","0","1"]],"ts":"1765631974217","seqId":1158511234}]}
{"arg":{"channel":"bbo-tbt","instId":"ETH-USDT-SWAP"},"data":[{"asks":[["3127.6","7.41","0","3"]],"bids":[["3126.19","353.09","0","1"]],"ts":"1765631974227","seqId":1158511236}]}
{"arg":{"channel":"tickers","instId":"ETH-USDT-SWAP"},"data":[{"instType":"SWAP","instId":"ETH-USDT-SWAP","last":"3126.19","lastSz":"0.13","askPx":"3127.6","askSz":"7.41","bidPx":"3126.19","bidSz":"353.09","open24h":"3248.4","high24h":"3315.64","low24h":"3072.11","sodUtc0":"3108.41","sodUtc8":"3174.4","volCcy24h":"19459810.553","vol24h":"194598105.53","ts":"1765631974228"}]}
{"arg":{"channel":"bbo-tbt","instId":"ETH-USDT-SWAP"},"data":[{"asks":[["3127.6","7.04","0","3"]],"bids":[["3126.19","353.09","0","1"]],"ts":"1765631974307","seqId":1158511326}]}
{"arg":{"channel":"books","instId":"ETH-USDT-SWAP"},"action":"update","data":[{"asks":[["3127.6","7.04","0","3"],["3129.87","1.73","0","3"]],"bids":[["3126.19","353.09","0","1"]],"ts":"1765631974307","checksum":-661636278,"seqId":1158511326,"prevSeqId":1158511227}]}
{"arg":{"channel":"books5","instId":"ETH-USDT-SWAP"},"data":[{"asks":[["3127.6","7.04","0","3"],["3127.63","0.47","0","1"],["3127.7","0.06","0","1"],["3127.75","0.02","0","1"],["3127.78","37.73","0","1"]],"bids":[["3126.19","353.09","0","1"],["3126.18","0.01","0","1"],["3126.17","70.91","0","5"],["3126.16","0.01","0","1"],["3126.15","1.39","0","6"]],"instId":"ETH-USDT-SWAP","ts":"1765631974307","seqId":1158511326}]}
{"arg":{"channel":"bbo-tbt","instId":"ETH-USDT-SWAP"},"data":[{"asks":[["3127.6","6.94","0","3"]],"bids":[["3126.19","353.09","0","1"]],"ts":"1765631974317","seqId":1158511328}]}
{"arg":{"channel":"bbo-tbt","instId":"ETH-USDT-SWAP"},"data":[{"asks":[["3127.6","6.56","0","3"]],"bids":[["3126.19","353.09","0","1"]],"ts":"1765631974367","seqId":1158511332}]}
{"arg":{"channel":"tickers","instId":"ETH-USDT-SWAP"},"data":[{"instType":"SWAP","instId":"ETH-USDT-SWAP","last":"3127.6","lastSz":"0.1","askPx":"3127.6","askSz":"6.94","bidPx":"3126.19","bidSz":"353.09","open24h":"3248.4","high24h":"3315.64","low24h":"3072.11","sodUtc0":"3108.41","sodUtc8":"3174.4","volCcy24h":"19459810.6","vol24h":"194598106","ts":"1765631974360"}]}
{"arg":{"channel":"books","instId":"ETH-USDT-SWAP"},"action":"update","data":[{"asks":[["3127.6","6.56","0","3"]],"bids":[],"ts":"1765631974407","checksum":-1264487071,"seqId":1158511332,"prevSeqId":1158511326}]}
{"arg":{"channel":"books5","instId":"ETH-USDT-SWAP"},"data":[{"asks":[["3127.6","6.56","0","3"],["3127.63","0.47","0","1"],["3127.7","0.06","0","1"],["3127.75","0.02","0","1"],["3127.78","37.73","0","1"]],"bids":[["3126.19","353.09","0","1"],["3126.18","0.01","0","1"],["3126.17","70.91","0","5"],["3126.16","0.01","0","1"],["3126.15","1.39","0","6"]],"instId":"ETH-USDT-SWAP","ts":"1765631974407","seqId":1158511332}]}
{"arg":{"channel":"bbo-tbt","instId":"ETH-USDT-SWAP"},"data":[{"asks":[["3127.6","6.56","0","3"]],"bids":[["3126.19","351.77","0","1"]],"ts":"1765631974477","seqId":1158511336}]}
{"arg":{"channel":"bbo-tbt","instId":"ETH-USDT-SWAP"},"data":[{"asks":[["3127.6","6.46","0","3"]],"bids":[["3126.19","351.77","0","1"]],"ts":"1765631974507","seqId":1158511356}]}
{"arg":{"channel":"books","instId":"ETH-USDT-SWAP"},"action":"update","data":[{"asks":[["3127.6","6.46","0","3"]],"bids":[["3126.19","351.77","0","1"]],"ts":"1765631974507","checksum":35943889,"seqId":1158511356,"prevSeqId":1158511332}]}
{"arg":{"channel":"books5","instId":"ETH-USDT-SWAP"},"data":[{"asks":[["3127.6","6.46","0","3"],["3127.63","0.47","0","1"],["3127.7","0.06","0","1"],["3127.75","0.02","0","1"],["3127.78","37.73","0","1"]],"bids":[["3126.19","351.77","0","1"],["3126.18","0.01","0","1"],["3126.17","70.91","0","5"],["3126.16","0.01","0","1"],["3126.15","1.39","0","6"]],"instId":"ETH-USDT-SWAP","ts":"1765631974507","seqId":1158511356}]}
{"arg":{"channel":"tickers","instId":"ETH-USDT-SWAP"},"data":[{"instType":"SWAP","instId":"ETH-USDT-SWAP","last":"3127.6","lastSz":"0.15","askPx":"3127.6","askSz":"6.56","bidPx":"3126.19","bidSz":"353.09","open24h":"3248.4","high24h":"3315.64","low24h":"3072.11","sodUtc0":"3108.41","sodUtc8":"3174.4","volCcy24h":"19459810.638","vol24h":"194598106.38","ts":"1765631974465"}]}
{"arg":{"channel":"bbo-tbt","instId":"ETH-USDT-SWAP"},"data":[{"asks":[["3127.6","6.46","0","3"]],"bids":[["3126.19","350.03","0","1"]],"ts":"1765631974577","seqId":1158511358}]}
{"arg":{"channel":"bbo-tbt","instId":"ETH-USDT-SWAP"},"data":[{"asks":[["3127.6","6.46","0","3"]],"bids":[["3126.19","349.9","0","1"]],"ts":"1765631974587","seqId":1158511360}]}
{"arg":{"channel":"books","instId":"ETH-USDT-SWAP"},"action":"update","data":[{"asks":[],"bids":[["3126.19","349.9","0","1"]],"ts":"1765631974607","checksum":122291321,"seqId":1158511360,"prevSeqId":1158511356}]}
{"arg":{"channel":"books5","instId":"ETH-USDT-SWAP"},"data":[{"asks":[["3127.6","6.46","0","3"],["3127.63","0.47","0","1"],["3127.7","0.06","0","1"],["3127.75","0.02","0","1"],["3127.78","37.73","0","1"]],"bids":[["3126.19","349.9","0","1"],["3126.18","0.01","0","1"],["3126.17","70.91","0","5"],["3126.16","0.01","0","1"],["3126.15","1.39","0","6"]],"instId":"ETH-USDT-SWAP","ts":"1765631974607","seqId":1158511360}]}
{"arg":{"channel":"tickers","instId":"ETH-USDT-SWAP"},"data":[{"instType":"SWAP","instId":"ETH-USDT-SWAP","last":"3126.19","lastSz":"1.74","askPx":"3127.6","askSz":"6.46","bidPx":"3126.19","bidSz":"350.03","open24h":"3248.4","high24h":"3315.64","low24h":"3072.11","sodUtc0":"3108.41","sodUtc8":"3174.4","volCcy24h":"19459810.954","vol24h":"194598109.54","ts":"1765631974574"}]}
{"arg":{"channel":"bbo-tbt","instId":"ETH-USDT-SWAP"},"data":[{"asks":[["3127.6","6.4","0","3"]],"bids":[["3126.19","349.9","0","1"]],"ts":"1765631974717","seqId":1158511362}]}
{"arg":{"channel":"tickers","instId":"ETH-USDT-SWAP"},"data":[{"instType":"SWAP","instId":"ETH-USDT-SWAP","last":"3127.6","lastSz":"0.06","askPx":"3127.6","askSz":"6.4","bidPx":"3126.19","bidSz":"349.9","open24h":"3248.4","high24h":"3315.64","low24h":"3072.11","sodUtc0":"3108.41","sodUtc8":"3174.4","volCcy24h":"19459810.973","vol24h":"194598109.73","ts":"1765631974718"}]}
{"arg":{"channel":"bbo-tbt","instId":"ETH-USDT-SWAP"},"data":[{"asks":[["3127.6","6.4","0","3"]],"bids":[["3126.19","349.77","0","1"]],"ts":"1765631974807","seqId":1158511364}]}
{"arg":{"channel":"books","instId":"ETH-USDT-SWAP"},"action":"update","data":[{"asks":[["3127.6","6.4","0","3"]],"bids":[["3126.19","349.77","0","1"]],"ts":"1765631974807","checksum":-289064715,"seqId":1158511364,"prevSeqId":1158511360}]}
{"arg":{"channel":"books5","instId":"ETH-USDT-SWAP"},"data":[{"asks":[["3127.6","6.4","0","3"],["3127.63","0.47","0","1"],["3127.7","0.06","0","1"],["3127.75","0.02","0","1"],["3127.78","37.73","0","1"]],"bids":[["3126.19","349.77","0","1"],["3126.18","0.01","0","1"],["3126.17","70.91","0","5"],["3126.16","0.01","0","1"],["3126.15","1.39","0","6"]],"instId":"ETH-USDT-SWAP","ts":"1765631974807","seqId":1158511364}]}
{"arg":{"channel":"bbo-tbt","instId":"ETH-USDT-SWAP"},"data":[{"asks":[["3127.6","6.4","0","3"]],"bids":[["3126.19","349.38","0","1"]],"ts":"1765631974827","seqId":1158511366}]}
{"arg":{"channel":"bbo-tbt","instId":"ETH-USDT-SWAP"},"data":[{"asks":[["3127.6","6.4","0","3"]],"bids":[["3126.17","53.12","0","4"]],"ts":"1765631974837","seqId":1158511393}]}
{"arg":{"channel":"tickers","instId":"ETH-USDT-SWAP"},"data":[{"instType":"SWAP","instId":"ETH-USDT-SWAP","last":"3126.19","lastSz":"0.39","askPx":"3127.6","askSz":"6.4","bidPx":"3126.19","bidSz":"349.38","open24h":"3248.4","high24h":"3315.64","low24h":"3072.11","sodUtc0":"3108.41","sodUtc8":"3174.4","volCcy24h":"19459811.025","vol24h":"194598110.25","ts":"1765631974827"}]}
{"arg":{"channel":"books","instId":"ETH-USDT-SWAP"},"action":"update","data":[{"asks":[["3128.38","0.53","0","1"],["3130.71","0.01","0","1"],["3132.13","353.38","0","6"],["3133.36","0","0","0"],["3133.37","0","0","0"]],"bids":[["3126.19","0","0","0"],["3126.18","0","0","0"],["3126.17","53.12","0","4"],["3121.73","30.13","0","2"],["3121.71","164.96","0","4"]],"ts":"1765631974907","checksum":-1759341374,"seqId":1158511393,"prevSeqId":1158511364}]}
{"arg":{"channel":"books5","instId":"ETH-USDT-SWAP"},"data":[{"asks":[["3127.6","6.4","0","3"],["3127.63","0.47","0","1"],["3127.7","0.06","0","1"],["3127.75","0.02","0","1"],["3127.78","37.73","0","1"]],"bids":[["3126.17","53.12","0","4"],["3126.16","0.01","0","1"],["3126.15","1.39","0","6"],["3126.14","107.65","0","3"],["3126.13","54.02","0","6"]],"instId":"ETH-USDT-SWAP","ts":"1765631974907","seqId":1158511393}]}
{"arg":{"channel":"tickers","instId":"ETH-USDT-SWAP"},"data":[{"instType":"SWAP","instId":"ETH-USDT-SWAP","last":"3126.17","lastSz":"1.22","askPx":"3127.6","askSz":"6.4","bidPx":"3126.17","bidSz":"53.12","open24h":"3248.4","high24h":"3315.64","low24h":"3072.11","sodUtc0":"3108.41","sodUtc8":"3174.4","volCcy24h":"19459847.743","vol24h":"194598477.43","ts":"1765631974965"}]}
{"arg":{"channel":"bbo-tbt","instId":"ETH-USDT-SWAP"},"data":[{"asks":[["3127.6","6.4","0","3"]],"bids":[["3126.17","53.03","0","4"]],"ts":"1765631975007","seqId":1158511395}]}
{"arg":{"channel":"books","instId":"ETH-USDT-SWAP"},"action":"update","data":[{"asks":[],"bids":[["3126.17","53.03","0","4"]],"ts":"1765631975007","checksum":-1663859150,"seqId":1158511395,"prevSeqId":1158511393}]}
{"arg":{"channel":"books5","instId":"ETH-USDT-SWAP"},"data":[{"asks":[["3127.6","6.4","0","3"],["3127.63","0.47","0","1"],["3127.7","0.06","0","1"],["3127.75","0.02","0","1"],["3127.78","37.73","0","1"]],"bids":[["3126.17","53.03","0","4"],["3126.16","0.01","0","1"],["3126.15","1.39","0","6"],["3126.14","107.65","0","3"],["3126.13","54.02","0","6"]],"instId":"ETH-USDT-SWAP","ts":"1765631975007","seqId":1158511395}]}
{"arg":{"channel":"bbo-tbt","instId":"ETH-USDT-SWAP"},"data":[{"asks":[["3127.6","6.32","0","3"]],"bids":[["3126.17","53.03","0","4"]],"ts":"1765631975027","seqId":1158511397}]}
{"arg":{"channel":"bbo-tbt","instId":"ETH-USDT-SWAP"},"data":[{"asks":[["3127.6","5.81","0","3"]],"bids":[["3126.17","52.5","0","4"]],"ts":"1765631975087","seqId":1158511401}]}
{"arg":{"channel":"bbo-tbt","instId":"ETH-USDT-SWAP"},"data":[{"asks":[["3127.6","5.81","0","3"]],"bids":[["3126.17","52.11","0","4"]],"ts":"1765631975097","seqId":1158511405}]}
{"arg":{"channel":"tickers","instId":"ETH-USDT-SWAP"},"data":[{"instType":"SWAP","instId":"ETH-USDT-SWAP","last":"3127.6","lastSz":"0.08","askPx":"3127.6","askSz":"6.32","bidPx":"3126.17","bidSz":"53.03","open24h":"3248.4","high24h":"3315.64","low24h":"3072.11","sodUtc0":"3108.41","sodUtc8":"3174.4","volCcy24h":"19459847.76","vol24h":"194598477.6","ts":"1765631975084"}]}
{"arg":{"channel":"books","instId":"ETH-USDT-SWAP"},"action":"update","data":[{"asks":[["3127.6","5.81","0","3"]],"bids":[["3126.17","52.11","0","4"]],"ts":"1765631975107","checksum":708910043,"seqId":1158511405,"prevSeqId":1158511395}]}
{"arg":{"channel":"books5","instId":"ETH-USDT-SWAP"},"data":[{"asks":[["3127.6","5.81","0","3"],["3127.63","0.47","0","1"],["3127.7","0.06","0","1"],["3127.75","0.02","0","1"],["3127.78","37.73","0","1"]],"bids":[["3126.17","52.11","0","4"],["3126.16","0.01","0","1"],["3126.15","1.39","0","6"],["3126.14","107.65","0","3"],["3126.13","54.02","0","6"]],"instId":"ETH-USDT-SWAP","ts":"1765631975107","seqId":1158511405}]}
{"arg":{"channel":"bbo-tbt","instId":"ETH-USDT-SWAP"},"data":[{"asks":[["3127.6","5.74","0","3"]],"bids":[["3126.17","52.03","0","4"]],"ts":"1765631975147","seqId":1158511409}]}
{"arg":{"channel":"bbo-tbt","instId":"ETH-USDT-SWAP"},"data":[{"asks":[["3127.6","5.74","0","3"]],"bids":[["3126.17","51.91","0","4"]],"ts":"1765631975157","seqId":1158511413}]}
{"arg":{"channel":"books","instId":"ETH-USDT-SWAP"},"action":"update","data":[{"asks":[["3127.6","5.74","0","3"]],"bids":[["3126.17","51.91","0","4"]],"ts":"1765631975207","checksum":-1137264841,"seqId":1158511413,"prevSeqId":1158511405}]}
{"arg":{"channel":"books5","instId":"ETH-USDT-SWAP"},"data":[{"asks":[["3127.6","5.74","0","3"],["3127.63","0.47","0","1"],["3127.7","0.06","0","1"],["3127.75","0.02","0","1"],["3127.78","37.73","0","1"]],"bids":[["3126.17","51.91","0","4"],["3126.16","0.01","0","1"],["3126.15","1.39","0","6"],["3126.14","107.65","0","3"],["3126.13","54.02","0","6"]],"instId":"ETH-USDT-SWAP","ts":"1765631975207","seqId":1158511413}]}
{"arg":{"channel":"bbo-tbt","instId":"ETH-USDT-SWAP"},"data":[{"asks":[["3127.6","5.68","0","3"]],"bids":[["3126.17","51.91","0","4"]],"ts":"1765631975227","seqId":1158511415}]}
{"arg":{"channel":"tickers","instId":"ETH-USDT-SWAP"},"data":[{"instType":"SWAP","instId":"ETH-USDT-SWAP","last":"3126.17","lastSz":"0.12","askPx":"3127.6","askSz":"5.74","bidPx":"3126.17","bidSz":"51.91","open24h":"3248.4","high24h":"3315.64","low24h":"3072.11","sodUtc0":"3108.41","sodUtc8":"3174.4","volCcy24h":"19459847.93","vol24h":"194598479.3","ts":"1765631975210"}]}
{"arg":{"channel":"bbo-tbt","instId":"ETH-USDT-SWAP"},"data":[{"asks":[["3127.6","5.6","0","3"]],"bids":[["3126.17","51.91","0","4"]],"ts":"1765631975267","seqId":1158511417}]}
{"arg":{"channel":"bbo-tbt","instId":"ETH-USDT-SWAP"},"data":[{"asks":[["3127.6","5.6","0","3"]],"bids":[["3126.17","51.79","0","4"]],"ts":"1765631975287","seqId":1158511419}]}
{"arg":{"channel":"books","instId":"ETH-USDT-SWAP"},"action":"update","data":[{"asks":[["3127.6","5.6","0","3"]],"bids":[["3126.17","51.79","0","4"]],"ts":"1765631975307","checksum":928566046,"seqId":1158511419,"prevSeqId":1158511413}]}
{"arg":{"channel":"books5","instId":"ETH-USDT-SWAP"},"data":[{"asks":[["3127.6","5.6","0","3"],["3127.63","0.47","0","1"],["3127.7","0.06","0","1"],["3127.75","0.02","0","1"],["3127.78","37.73","0","1"]],"bids":[["3126.17","51.79","0","4"],["3126.16","0.01","0","1"],["3126.15","1.39","0","6"],["3126.14","107.65","0","3"],["3126.13","54.02","0","6"]],"instId":"ETH-USDT-SWAP","ts":"1765631975307","seqId":1158511419}]}
{"arg":{"channel":"tickers","instId":"ETH-USDT-SWAP"},"data":[{"instType":"SWAP","instId":"ETH-USDT-SWAP","last":"3126.17","lastSz":"0.12","askPx":"3127.6","askSz":"5.6","bidPx":"3126.17","bidSz":"51.79","open24h":"3248.4","high24h":"3315.64","low24h":"3072.11","sodUtc0":"3108.41","sodUtc8":"3174.4","volCcy24h":"19459847.956","vol24h":"194598479.56","ts":"1765631975365"}]}
{"arg":{"channel":"bbo-tbt","instId":"ETH-USDT-SWAP"},"data":[{"asks":[["3127.6","5.37","0","3"]],"bids":[["3126.17","51.79","0","4"]],"ts":"1765631975437","seqId":1158511421}]}
{"arg":{"channel":"bbo-tbt","instId":"ETH-USDT-SWAP"},"data":[{"asks":[["3127.6","5.37","0","3"]],"bids":[["3126.17","51.26","0","4"]],"ts":"1765631975447","seqId":1158511423}]}
{"arg":{"channel":"bbo-tbt","instId":"ETH-USDT-SWAP"},"data":[{"asks":[["3127.6","5.37","0","3"]],"bids":[["3126.17","50.96","0","4"]],"ts":"1765631975497","seqId":1158511425}]}
{"arg":{"channel":"books","instId":"ETH-USDT-SWAP"},"action":"update","data":[{"asks":[["3127.6","5.37","0","3"]],"bids":[["3126.17","50.96","0","4"]],"ts":"1765631975507","checksum":-1728270885,"seqId":1158511425,"prevSeqId":1158511419}]}
{"arg":{"channel":"books5","instId":"ETH-USDT-SWAP"},"data":[{"asks":[["3127.6","5.37","0","3"],["3127.63","0.47","0","1"],["3127.7","0.06","0","1"],["3127.75","0.02","0","1"],["3127.78","37.73","0","1"]],"bids":[["3126.17","50.96","0","4"],["3126.16","0.01","0","1"],["3126.15","1.39","0","6"],["3126.14","107.65","0","3"],["3126.13","54.02","0","6"]],"instId":"ETH-USDT-SWAP","ts":"1765631975507","seqId":1158511425}]}
{"arg":{"channel":"tickers","instId":"ETH-USDT-SWAP"},"data":[{"instType":"SWAP","instId":"ETH-USDT-SWAP","last":"3126.17","lastSz":"0.53","askPx":"3127.6","askSz":"5.37","bidPx":"3126.17","bidSz":"51.26","open24h":"3248.4","high24h":"3315.64","low24h":"3072.11","sodUtc0":"3108.41","sodUtc8":"3174.4","volCcy24h":"19459848.032","vol24h":"194598480.32","ts":"1765631975497"}]}
{"arg":{"channel":"bbo-tbt","instId":"ETH-USDT-SWAP"},"data":[{"asks":[["3127.6","5.37","0","3"]],"bids":[["3126.17","50.86","0","4"]],"ts":"1765631975607","seqId":1158511491}]}
{"arg":{"channel":"books","instId":"ETH-USDT-SWAP"},"action":"update","data":[{"asks":[],"bids":[["3126.17","50.86","0","4"]],"ts":"1765631975607","checksum":1709097167,"seqId":1158511491,"prevSeqId":1158511425}]}
{"arg":{"channel":"books5","instId":"ETH-USDT-SWAP"},"data":[{"asks":[["3127.6","5.37","0","3"],["3127.63","0.47","0","1"],["3127.7","0.06","0","1"],["3127.75","0.02","0","1"],["3127.78","37.73","0","1"]],"bids":[["3126.17","50.86","0","4"],["3126.16","0.01","0","1"],["3126.15","1.39","0","6"],["3126.14","107.65","0","3"],["3126.13","54.02","0","6"]],"instId":"ETH-USDT-SWAP","ts":"1765631975607","seqId":1158511491}]}
{"arg":{"channel":"bbo-tbt","instId":"ETH-USDT-SWAP"},"data":[{"asks":[["3127.6","5.27","0","3"]],"bids":[["3126.17","50.86","0","4"]],"ts":"1765631975617","seqId":1158511493}]}
{"arg":{"channel":"bbo-tbt","instId":"ETH-USDT-SWAP"},"data":[{"asks":[["3127.6","5.27","0","3"]],"bids":[["3126.17","50.74","0","4"]],"ts":"1765631975647","seqId":1158511495}]}
{"arg":{"channel":"tickers","instId":"ETH-USDT-SWAP"},"data":[{"instType":"SWAP","instId":"ETH-USDT-SWAP","last":"3126.17","lastSz":"0.1","askPx":"3127.6","askSz":"5.37","bidPx":"3126.17","bidSz":"50.86","open24h":"3248.4","high24h":"3315.64","low24h":"3072.11","sodUtc0":"3108.41","sodUtc8":"3174.4","volCcy24h":"19459848.072","vol24h":"194598480.72","ts":"1765631975603"}]}
{"arg":{"channel":"bbo-tbt","instId":"ETH-USDT-SWAP"},"data":[{"asks":[["3127.6","5.27","0","3"]],"bids":[["3126.17","50.66","0","4"]],"ts":"1765631975677","seqId":1158511497}]}
{"arg":{"channel":"books","instId":"ETH-USDT-SWAP"},"action":"update","data":[{"asks":[["3127.6","5.27","0","3"]],"bids":[["3126.17","50.66","0","4"]],"ts":"1765631975707","checksum":-1335785469,"seqId":1158511497,"prevSeqId":1158511491}]}
{"arg":{"channel":"books5","instId":"ETH-USDT-SWAP"},"data":[{"asks":[["3127.6","5.27","0","3"],["3127.63","0.47","0","1"],["3127.7","0.06","0","1"],["3127.75","0.02","0","1"],["3127.78","37.73","0","1"]],"bids":[["3126.17","50.66","0","4"],["3126.16","0.01","0","1"],["3126.15","1.39","0","6"],["3126.14","107.65","0","3"],["3126.13","54.02","0","6"]],"instId":"ETH-USDT-SWAP","ts":"1765631975707","seqId":1158511497}]}
{"arg":{"channel":"bbo-tbt","instId":"ETH-USDT-SWAP"},"data":[{"asks":[["3127.6","5.27","0","3"]],"bids":[["3126.17","48.77","0","4"]],"ts":"1765631975747","seqId":1158511501}]}
{"arg":{"channel":"tickers","instId":"ETH-USDT-SWAP"},"data":[{"instType":"SWAP","instId":"ETH-USDT-SWAP","last":"3126.17","lastSz":"0.08","askPx":"3127.6","askSz":"5.27","bidPx":"3126.17","bidSz":"50.66","open24h":"3248.4","high24h":"3315.64","low24h":"3072.11","sodUtc0":"3108.41","sodUtc8":"3174.4","volCcy24h":"19459848.102","vol24h":"194598481.02","ts":"1765631975710"}]}
{"arg":{"channel":"books","instId":"ETH-USDT-SWAP"},"action":"update","data":[{"asks":[],"bids":[["3126.17","48.77","0","4"]],"ts":"1765631975807","checksum":-22910782,"seqId":1158511501,"prevSeqId":1158511497}]}
{"arg":{"channel":"books5","instId":"ETH-USDT-SWAP"},"data":[{"asks":[["3127.6","5.27","0","3"],["3127.63","0.47","0","1"],["3127.7","0.06","0","1"],["3127.75","0.02","0","1"],["3127.78","37.73","0","1"]],"bids":[["3126.17","48.77","0","4"],["3126.16","0.01","0","1"],["3126.15","1.39","0","6"],["3126.14","107.65","0","3"],["3126.13","54.02","0","6"]],"instId":"ETH-USDT-SWAP","ts":"1765631975807","seqId":1158511501}]}
{"arg":{"channel":"bbo-tbt","instId":"ETH-USDT-SWAP"},"data":[{"asks":[["3127.6","5.17","0","3"]],"bids":[["3126.17","48.77","0","4"]],"ts":"1765631975817","seqId":1158511503}]}
{"arg":{"channel":"bbo-tbt","instId":"ETH-USDT-SWAP"},"data":[{"asks":[["3127.6","5.11","0","3"]],"bids":[["3126.17","48.77","0","4"]],"ts":"1765631975837","seqId":1158511505}]}
{"arg":{"channel":"tickers","instId":"ETH-USDT-SWAP"},"data":[{"instType":"SWAP","instId":"ETH-USDT-SWAP","last":"3127.6","lastSz":"0.1","askPx":"3127.6","askSz":"5.17","bidPx":"3126.17","bidSz":"48.77","open24h":"3248.4","high24h":"3315.64","low24h":"3072.11","sodUtc0":"3108.41","sodUtc8":"3174.4","volCcy24h":"19459848.301","vol24h":"194598483.01","ts":"1765631975815"}]}
{"arg":{"channel":"bbo-tbt","instId":"ETH-USDT-SWAP"},"data":[{"asks":[["3127.6","4.87","0","3"]],"bids":[["3126.17","48.29","0","4"]],"ts":"1765631975907","seqId":1158511578}]}
{"arg":{"channel":"books","instId":"ETH-USDT-SWAP"},"action":"update","data":[{"asks":[["3127.6","4.87","0","3"]],"bids":[["3126.17","48.29","0","4"]],"ts":"1765631975907","checksum":-508330026,"seqId":1158511578,"prevSeqId":1158511501}]}
{"arg":{"channel":"books5","instId":"ETH-USDT-SWAP"},"data":[{"asks":[["3127.6","4.87","0","3"],["3127.63","0.47","0","1"],["3127.7","0.06","0","1"],["3127.75","0.02","0","1"],["3127.78","37.73","0","1"]],"bids":[["3126.17","48.29","0","4"],["3126.16","0.01","0","1"],["3126.15","1.39","0","6"],["3126.14","107.65","0","3"],["3126.13","54.02","0","6"]],"instId":"ETH-USDT-SWAP","ts":"1765631975907","seqId":1158511578}]}
{"arg":{"channel":"bbo-tbt","instId":"ETH-USDT-SWAP"},"data":[{"asks":[["3127.6","4.87","0","3"]],"bids":[["3126.17","48.16","0","4"]],"ts":"1765631975927","seqId":1158511593}]}
{"arg":{"channel":"bbo-tbt","instId":"ETH-USDT-SWAP"},"data":[{"asks":[["3127.6","4.5","0","3"]],"bids":[["3126","432.06","0","24"]],"ts":"1765631975937","seqId":1158511811}]}
{"arg":{"channel":"bbo-tbt","instId":"ETH-USDT-SWAP"},"data":[{"asks":[["3127","3.2","0","1"]],"bids":[["3126","432.06","0","24"]],"ts":"1765631975947","seqId":1158512022}]}
{"arg":{"channel":"bbo-tbt","instId":"ETH-USDT-SWAP"},"data":[{"asks":[["3127","3.2","0","1"]],"bids":[["3126","431.96","0","24"]],"ts":"1765631975957","seqId":1158512024}]}
{"arg":{"channel":"books","instId":"ETH-USDT-SWAP"},"action":"update","data":[{"asks":[["3127","3.2","0","1"],["3127.39","0.04","0","1"],["3127.42","0.01","0","1"],["3127.58","3.45","0","1"],["3127.59","0.02","0","1"],["3127.6","4.5","0","3"],["3127.73","50.04","0","1"],["3127.85","9.76","0","4"],["3128","135.12","0","38"],["3128.01","0.02","0","1"],["3128.13","0.01","0","1"],["3128.18","0.69","0","3"],["3128.3","0.27","0","1"],["3128.68","0.04","0","2"],["3128.8","1.36","0","3"],["3128.89","0.15","0","4"],["3128.97","0.93","0","2"],["3129","29.9","0","17"],["3129.05","107.51","0","1"],["3129.09","7.42","0","4"],["3129.12","23.52","0","1"],["3129.15","0.01","0","1"],["3129.21","11.05","0","2"],["3129.25","0.19","0","2"],["3129.28","63.54","0","2"],["3129.36","1.01","0","1"],["3129.5","1.38","0","7"],["3129.64","0.18","0","2"],["3129.78","22.87","0","4"],["3129.81","0.37","0","3"],["3129.82","0.49","0","1"],["3129.88","0.19","0","2"],["3130.22","0.34","0","3"],["3130.3","0.62","0","2"],["3130.32","0.01","0","1"],["3130.37","0.52","0","2"],["3130.4","12.79","0","11"],["3130.8","0.95","0","3"],["3130.92","879.71","0","4"],["3131.7","0.07","0","1"],["3132.14","0.56","0","2"],["3132.31","57.24","0","6"],["3132.34","0.11","0","3"],["3132.52","2.64","0","3"],["3132.56","5.23","0","3"],["3132.72","123.64","0","3"],["3132.8","2010.17","0","16"],["3132.82","33.97","0","3"],["3133.12","0","0","0"],["3133.13","0","0","0"],["3133.14","0","0","0"],["3133.16","0","0","0"],["3133.17","0","0","0"],["3133.18","0","0","0"],["3133.19","0","0","0"],["3133.2","0","0","0"],["3133.21","0","0","0"],["3133.24","0","0","0"],["3133.25","0","0","0"],["3133.26","0","0","0"],["3133.27","0","0","0"],["3133.28","0","0","0"],["3133.29","0","0","0"],["3133.31","0","0","0"],["3133.32","0","0","0"],["3133.33","0","0","0"],["3133.35","0","0","0"]],"bids":[["3126.17","0","0","0"],["3126.16","0","0","0"],["3126.15","0","0","0"],["3126.14","0","0","0"],["3126.13","0","0","0"],["3126.12","0","0","0"],["3126.11","0","0","0"],["3126.1","0","0","0"],["3126.09","0","0","0"],["3126.08","0","0","0"],["3126.07","0","0","0"],["3126.06","0","0","0"],["3126.05","0","0","0"],["3126.04","0","0","0"],["3126.03","0","0","0"],["3126.02","0","0","0"],["3126.01","0","0","0"],["3126","431.96","0","24"],["3121.7","4.84","0","3"],["3121.69","0.03","0","1"],["3121.67","1.33","0","7"],["3121.66","4.22","0","3"],["3121.65","14.08","0","6"],["3121.64","0.05","0","2"],["3121.63","1.04","0","3"],["3121.62","24.61","0","3"],["3121.61","232.03","0","3"],["3121.6","26.57","0","12"],["3121.59","4.12","0","4"],["3121.57","0.1","0","1"],["3121.56","38.3","0","8"],["3121.55","8.03","0","5"],["3121.54","42.6","0","3"],["3121.53","0.01","0","1"],["3121.52","0.03","0","2"]],"ts":"1765631976007","checksum":455433943,"seqId":1158512024,"prevSeqId":1158511578}]}
{"arg":{"channel":"books5","instId":"ETH-USDT-SWAP"},"data":[{"asks":[["3127","3.2","0","1"],["3127.39","0.04","0","1"],["3127.42","0.01","0","1"],["3127.58","3.45","0","1"],["3127.59","0.02","0","1"]],"bids":[["3126","431.96","0","24"],["3125.97","0.03","0","1"],["3125.96","2.21","0","2"],["3125.95","0.16","0","3"],["3125.94","0.07","0","1"]],"instId":"ETH-USDT-SWAP","ts":"1765631976007","seqId":1158512024}]}
